3298 5024
812 379 838 444 -8

255 566 313 627 τοῦ
326 569 328 575 '
342 563 403 641 γὰρ
416 551 584 643 4ἄρχοντος
608 564 638 644 (5
663 569 694 642 6)
727 581 804 627 meu·
825 569 942 646 quidem
966 569 1113 630 sententia
1134 563 1201 630 'hoa
1224 572 1277 634 Dio
1315 574 1398 634 dicit.

256 667 362 748 Neque
387 670 464 728 enim
494 672 550 729 iam
576 669 611 728 de
628 670 811 729 beatitudine
834 671 914 746 regis
943 671 1084 748 loquitur,
1108 673 1158 731 'sed
1185 675 1312 734 virtutes
1334 678 1399 752 regi

256 772 345 830 utiles
369 791 434 830 ease
459 773 510 842 ait,
530 773 600 850 quia
620 773 748 849 populus
772 777 873 847 regem
889 769 1022 831 imitatur
1038 768 1088 850 (ἐξ
1105 775 1131 832 7.
1145 771 1187 840 8).
1226 775 1290 834 Hoc
1313 769 1398 836 modo

256 875 280 932 ei
304 881 398 933 totum
422 877 519 934 locum
542 877 781 950 interpretamur,
803 876 901 933 omnia
923 882 1002 934 recta
1025 875 1204 951 procedunt:
1225 872 1321 935 'etiam
1346 897 1397 954 po·

254 975 356 1052 pulum
379 975 460 1052 ragis
483 977 619 1053 exemplo
642 975 801 1034 adductum
822 977 963 1034 virtutem
993 977 1078 1053 sequi
1099 973 1206 1054 probat
1232 967 1397 1048 Homerus3

254 1071 316 1151 γάρ
338 1084 435 1136 autem
461 1077 536 1136 illud
559 1073 589 1153 (ξ
611 1078 644 1137 9:
667 1065 690 1137 δ’
708 1076 769 1150 γᾶρ
794 1076 941 1152 τοιοῦτος
966 1067 1118 1152 βασιλεὺς
1139 1075 1229 1154 κτλ),
1254 1097 1312 1155 quo
1337 1087 1396 1137 tam

255 1180 414 1238 offenditur
441 1180 477 1238 de
502 1180 616 1255 Arnim,
643 1198 700 1237 nou
724 1175 752 1236 id
787 1179 916 1255 quidem,
951 1179 1029 1257 quod
1051 1187 1131 1238 recte
1153 1179 1240 1248 vidit,
1270 1175 1397 1239 ‘versum

259 1279 445 1340 Homericum
469 1281 587 1357 exeipit,
613 1280 666 1338 sed
695 1279 730 1337 ad
754 1285 846 1338 totam
872 1281 1044 1338 sententiam
1067 1281 1115 1351 (ἐξ
1141 1283 1157 1338 6
1184 1277 1265 1360 sqq.)
1289 1301 1319 1341 se
1342 1301 1392 1358 ap·

191 1392 193 1396 '
245 1382 360 1459 plicat:
385 1383 499 1457 ,genius
522 1381 672 1441 homiuum
696 1382 882 1457 privatorum
904 1399 1015 1457 parvus
1039 1389 1128 1456 atque
1149 1382 1318 1442 imbecillus
1343 1392 1398 1458 est,

255 1484 364 1559 quippe
396 1485 446 1558 qui
480 1482 516 1540 ad
549 1483 623 1540 alios
656 1502 713 1541 uon
737 1484 883 1559 pertineat
918 1475 950 1554 (ὁ
972 1477 1095 1555 δαίμων
1118 1526 1125 1540 .
1150 1527 1156 1540 .
1183 1526 1190 1540 .
1214 1479 1315 1554 μόνον
1342 1482 1399 1544 τοῦ

254 1576 410 1656 ἔχοντος),
443 1584 523 1658 regis
558 1585 688 1640 omnium
722 1585 905 1653 eommunis,·
939 1584 1029 1658 regis*
1054 1583 1131 1642 euim
1165 1585 1294 1642 virtutes
1329 1583 1397 1640 aliis

136 1717 139 1723 ·
255 1683 391 1759 exemplo
415 1690 493 1758 sunt,
522 1684 623 1760 itaque
652 1683 744 1740 multo
768 1685 862 1759 pluris
885 1684 1010 1742 interest
1040 1703 1141 1759 regem
1162 1683 1325 1742 virtutibus
1347 1702 1397 1740 ex·

255 1783 364 1841 cellere
397 1803 484 1860 quam
508 1792 631 1843 ceteros.
677 1783 811 1860 Namque
833 1784 961 1840 uirtutes
992 1804 1048 1840 non
1073 1785 1167 1843 solum
1205 1785 1289 1860 quasi
1315 1801 1398 1842 orna·

255 1891 382 1944 mentum
407 1887 487 1945 vitae
510 1885 536 1943 ei
552 1892 631 1956 suut,
655 1884 705 1943 sad
728 1885 817 1962 plane
834 1885 1018 1942 necessariae
1043 1882 1072 1952 (ξ
1092 1886 1109 1942 9
1126 1877 1240 1959 extr.)‘.
1286 1884 1344 1943 lam
1369 1884 1397 1942 id

256 1992 399 2064 quattuor
420 1975 583 2046 virtutibus
607 1988 787 2046 enumeratis
810 1986 1038 2044 demonstratur.

355 2087 371 2156 g
392 2088 436 2146 12.
471 2086 613 2165 Sequitur
627 2088 709 2146 looua
725 2107 742 2144 a
759 2087 860 2146 multis
875 2082 1071 2164 temptatus§
1090 2086 1126 2144 12
1143 2080 1263 2161 (Arnim
1282 2107 1310 2164 p.
1327 2087 1398 2159 417,

256 2187 372 2266 Sonny,
401 2190 556 2259 Analecta,
582 2208 610 2266 p.
636 2190 704 2258 162,
736 2192 786 2266 qui
807 2189 923 2266 prioroa
957 2187 1064 2258 affert).
1112 2187 1304 2264 Wegehaupt
1327 2186 1398 2246 haee

254 2290 349 2348 v'erba
373 2291 459 2349 eiecit
485 2288 524 2367 (p.
552 2289 616 2360 71).
648 2289 764 2350 Monuit
785 2310 831 2348 me
857 2291 998 2348 Usener
1015 2290 1074 2346 leni
1096 2291 1257 2346 mutatione
1280 2308 1335 2364 pro
1350 2283 1400 2345 λέ·

254 2391 369 2461 γεσθαι
395 2391 580 2449 scribendum
606 2410 669 2448 esse
692 2386 889 2463 ἐλέγχεσθαι,
919 2389 962 2447 ita
985 2395 1017 2446 ut
1035 2387 1093 2466 'hio
1115 2387 1274 2446 verborum
1295 2405 1398 2444 sensus

255 2491 409 2567 procedat:
435 2491 509 2560 ‚Hoc
532 2479 596 2550 dico
619 2511 676 2550 nou
693 2493 834 2566 ignoraus
858 2490 922 2574 lieri
945 2509 1000 2548 non
1015 2508 1115 2565 posse,
1138 2489 1208 2566 quin
1232 2479 1308 2566 quae
1322 2505 1398 2572 nuuc

255 2591 380 2650 dixerim
412 2593 443 2650 in
475 2591 539 2651 dies
559 2593 654 2668 magis
677 2592 847 2669 probentur*
880 2592 957 2664 (scil.
980 2591 1068 2649 rebus
1091 2611 1108 2649 a
1130 2590 1257 2671 Traiano
1282 2585 1399 2666 gestis).

355 2689 396 2769 ἐξ
421 2694 553 2752 12-25.
598 2693 755 2771 Sequentia
777 2694 851 2751 bene
869 2690 1038 2751 cohaerent:
1069 2690 1113 2762 ,In
1137 2692 1218 2765 regis
1237 2690 1399 2750 virtutibus

254 2794 460 2852 enumerandis
488 2791 542 2869 (ἓξ
560 2795 607 2851 lo,
640 2792 690 2866 11)
720 2793 853 2851 adulatio
888 2791 1063 2867 exprobrari
1085 2789 1158 2849 mihi
1191 2810 1246 2850 non
1282 2791 1400 2868 poterit,

256 2897 364 2972 quippe
399 2897 449 2971 qui
481 2897 538 2953 iam
564 2893 674 2952 dudum
701 2893 975 2965 demonstraverim,
1005 2900 1148 2968 quantum
1170 2893 1207 2950 ab
1228 2891 1399 2951 adulatione

254 2988 449 3054 abhorream‘.
498 2993 556 3053 Sed
588 3014 646 3052 non
670 2995 766 3052 minus
801 2994 837 3051 ad
869 2993 941 3054 haee
963 2993 1057 3052 verba
1090 3011 1121 3051 se
1147 2993 1277 3070 applicat
1301 2987 1319 3069 ἓ
1344 2994 1398 3052 25:

251 3091 306 3155 ἵνα
326 3092 362 3169 δὲ
385 3091 462 3169 μήτε
485 3092 549 3166 ἐγὼ
571 3090 741 3169 κολακείας
765 3089 868 3154 αἰτίαν
891 3089 955 3169 ἔχω
980 3093 1044 3154 κτλ.
1092 3094 1199 3154 Utram
1222 3103 1320 3153 autem
1348 3093 1400 3153 du·

252 3179 337 3257 'arum
361 3197 576 3272 recensionum,
589 3275 592 3282 Ι
606 3185 682 3274 quae
704 3198 783 3256 inter
805 3216 837 3255 se
853 3197 1031 3274 discrepant,
1056 3203 1089 3254 ut
1111 3203 1191 3254 reete
1209 3193 1400 3271 Wegohaupt

254 3299 474 3372 animadvertit,
507 3319 675 3376 sequamur,
709 3298 831 3358 dubium
863 3318 919 3358 non
952 3306 1006 3356 est.
1051 3294 1085 3373 ἐξ
1111 3298 1231 3356 12-24
1253 3298 1330 3355 euim
1364 3293 1399 3354 de

254 3398 425 3458 adulatione
450 3404 551 3476 agitur
583 3401 667 3458 nulla
689 3399 808 3458 Traiani
842 3407 893 3458 aut
925 3399 1005 3474 regis
1041 3399 1108 3457 boui
1143 3399 1259 3458 ratione
1287 3397 1400 3456 habita.

255 3498 358 3576 ltaque
382 3499 457 3560 haue
480 3508 595 3578 partem
625 3520 661 3559 ne
688 3520 724 3558 ex
744 3500 811 3558 alia
833 3501 968 3559 oratione
992 3496 1065 3574 περὶ
1089 3495 1255 3574 βασιλείας
1278 3497 1397 3576 quidem

246 3598 462 3677 depromptam
486 3621 548 3676 esse
571 3622 636 3661 cum
654 3602 790 3661 Aruimio
807 3600 1019 3678 contenderim,
1043 3621 1108 3660 oum
1131 3602 1189 3659 iam
1208 3598 1399 3675 Wegehaupt
1507 3633 1508 3638 κ

256 3700 385 3759 similem
410 3701 506 3761 locum
528 3699 606 3762 orat.
630 3701 654 3762 L
678 3701 696 3762 8
719 3702 896 3761 adhibuerit.
937 3701 1075 3762 Getarum
1100 3700 1137 3759 ad
1163 3695 1180 3776 ᾗ
1206 3700 1242 3757 18
1267 3701 1401 3759 conferas

256 3796 408 3861 Plutarchi
432 3823 504 3863 mor.
527 3825 555 3881 p.
580 3807 619 3864 65
642 3805 675 3863 B.
1355 3807 1356 3812 ’

355 3903 414 3962 Vix
439 3924 616 3983 quemquam
643 3906 770 3983 probare
792 3906 931 3964 existimo
956 3905 1218 3982 Wegehauptium,
1251 3904 1302 3980 qui
1330 3919 1399 3960 ver·

256 4003 359 4062 borum
388 4007 486 4064 sonitu
509 4006 653 4066 adductus
677 4001 695 4083 §
718 4008 757 4065 25
781 4001 977 4080 (κολακείας)
1005 4005 1040 4063 ad
1063 3999 1081 4081 ἓ
1105 4007 1123 4064 3
1146 4003 1272 4063 mediam
1295 4000 1397 4058 adiun-

254 4123 325 4179 gere
349 4107 428 4164 vult:
451 4102 563 4167 αὐτίκα
585 4104 644 4182 τὰς
666 4105 722 4181 μὲν
738 4103 879 4182 ἀλόγους
901 4101 1025 4181 ἡδονὰς
1041 4100 1230 4176 ὑποπτεύεις
1255 4093 1398 4173 καθάπερ

255 4197 448 4282 ἀνθρώπους
484 4203 670 4284 κόλακος,
704 4205 782 4282 τοὺς
814 4191 859 4267 δὲ’
884 4203 1008 4282 πόνους
1035 4201 1205 4279 ὑπομένεις
1241 4197 1396 4276 ἐλέγχους

255 4299 489 4381 ὑπολαμβάνων
512 4302 594 4369 εἶναι
621 4307 679 4383 τῆς
711 4303 838 4384 ἀρετῆς.
893 4309 968 4368 Toto
1012 4308 1088 4366 euim
1123 4305 1202 4363 eaelo
1233 4303 1397 4362 sententiae

256 4403 442 4484 discrepanti
477 4402 515 4484 ἐξ
538 4409 555 4466 3
578 4408 654 4468 med.
677 4439 718 4449 -
744 4410 783 4468 24
802 4407 989 4487 Wegehaupt
1012 4409 1090 4467 euris
1115 4405 1331 4484 posterioribus
1353 4404 1397 4463 in·
