3298 5024
810 379 849 440 24

354 561 399 620 De
429 563 571 623 orationis
598 562 636 621 lll
660 561 693 641 ἐξ
716 569 765 626 49.
790 568 828 626 50
858 567 916 626 iarn
948 585 1038 646 supra
1068 586 1097 644 p.
1129 568 1146 626 9
1180 541 1252 627 satis
1286 569 1397 629 dictum

255 671 307 722 est.
343 664 388 724 Ex
403 663 449 724 his
465 666 566 725 verbis
582 667 716 744 sequitur
731 668 821 727 Dioni
837 674 933 728 certes
949 669 1092 747 quaedam
1115 669 1260 730 diatribae
1280 665 1305 748 (l
1322 674 1340 731 9
1357 673 1394 730 cl.

257 763 310 823 Vll
337 762 408 838 103)
442 766 478 825 de
501 786 593 844 regno
624 770 661 828 ab
684 769 906 846 antiquioribus
935 771 1062 847 scriptas
1086 777 1206 848 praesto
1229 772 1332 840 fuisse,
1359 787 1395 832 ex

255 866 363 944 quibus
386 869 478 928 multa
500 870 654 946 prompsit,
674 868 768 929 multa
788 872 880 932 ¹etiem
904 870 932 944 (Ι
949 872 997 930 33.
1015 867 1063 932 48.
1083 871 1129 930 lII
1146 873 1185 931 49
1202 867 1261 951 sq.)
1289 875 1397 934 omisit.

254 965 383 1053 ¹SedDio
404 977 523 1046 praeter
544 970 598 1032 hos
620 971 726 1045 fontes,
750 973 980 1050 qualescumque
1003 974 1131 1042 luerunt,
1155 967 1304 1033 orationes
1328 995 1396 1034 suas

254 1069 338 1144 copie
361 1071 532 1138 verborum,
562 1073 713 1142 similium,
736 1074 946 1150 'exemplorum
978 1075 1107 1153 undique
1130 1075 1321 1135 collectorum
1349 1095 1393 1135 or·

253 1171 346 1230 nevit.
385 1171 480 1230 Nobis
503 1179 610 1245 autem,
634 1174 685 1250 qui
709 1175 738 1231 iu
754 1174 852 1232 fontes
875 1175 938 1232 eius
954 1175 1126 1251 inquisituri
1143 1195 1253 1253 sumus,
1268 1178 1397 1254 primum

254 1272 312 1330 erit
333 1273 472 1349 officium,
502 1280 535 1333 ut
557 1275 643 1352 quasi
666 1293 734 1333 ossa
756 1275 900 1333 orationis
924 1280 1076 1334 teneamus
1100 1298 1188 1337 carue
1210 1279 1295 1338 molli
1316 1274 1348 1354 (i.
1371 1297 1396 1335 e.

254 1378 361 1432 ornatu
377 1373 550 1449 verborum)
566 1377 683 1436 omissa.
722 1375 802 1435 Haec
819 1382 917 1434 autem
943 1395 1018 1453 quac
1042 1376 1105 1435 dixi
1131 1398 1200 1438 ossa
1221 1381 1295 1439 satis
1318 1379 1397 1438 clare

254 1472 342 1530 etiam
365 1479 502 1550 cognosci
525 1486 659 1554 possunt.
700 1477 868 1538 Hirzelium
892 1487 1009 1536 secutus
1030 1477 1220 1554 Wegehaupt
1236 1479 1397 1539 Perdinen-

254 1571 323 1630 dum
340 1573 512 1635 Duemmler
535 1579 566 1636 in
584 1577 760 1638 Antisthene
783 1577 861 1655 apud
871 1578 1004 1638 ‘Diouem
1022 1577 1189 1654 indagando
1204 1580 1292 1638 nimis
1308 1580 1397 1654 longe

254 1676 435 1749 processisse
466 1683 565 1753 putat;
599 1697 694 1754 neque
725 1680 802 1736 onim
836 1698 901 1736 eum
930 1699 996 1738 esse
1020 1679 1143 1739 Diouem
1166 1699 1195 1740 v.
1219 1679 1248 1740 d.
1270 1669 1396 1739 arbitra·

254 1782 319 1849 tur,
344 1778 395 1854 qui
428 1777 465 1835 ad
498 1778 622 1837 verbum
645 1778 740 1837 fontes
773 1797 842 1836 suos
866 1780 1021 1854 exprimat.
1066 1779 1121 1838 Sed
1145 1799 1248 1841 vereor
1274 1800 1310 1840 ne
1334 1781 1397 1858 ipse

255 1877 344 1936 Dioni
359 1878 568 1956 Xenophontis
584 1881 725 1940 sectatori
746 1881 814 1958 plus
836 1900 924 1958 quam
947 1882 1017 1940 licet
1039 1882 1207 1941 indulserit.
1248 1883 1325 1943 Sane
1342 1883 1396 1943 Dio

254 1979 389 2040 imitatur
410 1980 647 2059 Xenophontem,
663 1983 797 2041 imitatur
813 1981 984 2048 sententiaa,
1007 1983 1120 2058 copiam
1135 1983 1304 2048 verborum,
1321 2002 1397 2058 quae

253 2079 348 2138 multe
363 2088 432 2156 post
445 2081 521 2140 ulios
537 2082 723 2160 Wegchaupt
739 2083 877 2160 collegit3
901 2081 952 2142 sed
975 2082 1049 2158 etin
1071 2082 1139 2140 aliis
1162 2089 1192 2140 et
1215 2082 1244 2139 in
1261 2083 1307 2140 his
1323 2077 1396 2156 περὶ

254 2175 419 2255 βασιλείας
436 2182 622 2242 orationibus
644 2190 726 2244 totus
741 2184 886 2243 sermonis
902 2202 1032 2243 conexus
1053 2182 1103 2242 vel
1121 2201 1196 2259 queo
1218 2201 1287 2241 ossa
1309 2201 1398 2259 supra

254 2282 360 2342 vocavi
374 2283 517 2342 orationis
538 2303 595 2344 non
619 2303 655 2348 ex
671 2284 877 2361 Xenophonte,
900 2284 952 2341 scd
969 2283 1088 2342 aliunde
1112 2284 1206 2359 petita
1229 2289 1306 2340 sunt.
1344 2284 1397 2340 At-

255 2399 311 2457 que
335 2381 531 2442 inhonorem
547 2385 711 2444 accuratius
727 2385 878 2462 inquirere
894 2403 959 2443 cum
977 2381 1196 2459 Wegehauptio
1213 2382 1396 2458 propositum

254 2500 311 2540 non
334 2491 421 2553 essct,
448 2489 544 2542 tamen
569 2491 687 2560 gratum
710 2484 791 2560 iecit,
823 2483 901 2561 quod
925 2502 1000 2560 quae
1023 2491 1074 2542 aut
1096 2483 1211 2560 priores
1232 2482 1398 2540 attuleruut

253 2595 304 2642 cut
336 2584 399 2660 ipse
423 2584 572 2644 invenisse
606 2567 664 2644 eibi
697 2586 781 2644 visus
810 2593 856 2644 est
888 2585 924 2644 de
946 2585 1077 2644 fontibus
1102 2584 1311 2643 nonnullarum
1335 2603 1398 2642 ora·

254 2687 366 2744 tionum
389 2685 525 2762 collegit3
545 2687 720 2764 ampliorem
743 2686 914 2746 thesaurum
939 2687 1064 2763 praebet
1079 2685 1187 2761 Sonny,
1211 2685 1246 2743 de
1270 2704 1327 2760 quo
1351 2704 1398 2742 su·

241 2805 308 2864 vpru
331 2805 357 2862 p.
376 2789 399 2863 Ι5
423 2786 560 2848 diximus.
605 2787 659 2846 Sed
687 2787 878 2862 Wagehaupt
900 2787 980 2863 parti
1010 2787 1057 2844 illi
1080 2785 1299 2843 dissertationis
1327 2802 1397 2842 suae

254 2887 408 2963 inscripsit
440 2889 486 2959 ,de
512 2888 617 2946 Dionis
643 2887 791 2946 scribendi
817 2889 903 2956 arte‘3
938 2885 1015 2944 haud
1052 2887 1133 2954 bene,
1168 2886 1269 2957 credo;
1302 2903 1398 2962 neque

254 2988 343 3046 enim·
361 2989 433 3045 satis
457 2988 598 3047 discernit
623 2989 702 3048 inter
724 2988 873 3046 scribendi
896 2994 990 3046 artem
1023 2987 1072 3070 ¹uel
1095 2985 1218 3059 ‚stilum‘
1249 2994 1279 3044 et
1300 2987 1398 3048 ioutes
1457 3005 1460 3011 ·

256 3086 370 3147 Dionis.
408 3090 508 3166 Atque
523 3090 629 3160 omnia,
653 3108 727 3166 quae
744 3089 828 3147 initio
851 3085 891 3165 (p.
908 3086 959 3163 45)
983 3088 1019 3146 de
1033 3089 1099 3165 ipsa
1118 3094 1181 3146 arte
1200 3087 1302 3146 Dionis
1317 3087 1399 3158 dicit,

254 3188 420 3252 rectissime
443 3199 520 3252 suut.
564 3189 640 3252 Sane
661 3191 813 3250 orationes
835 3189 1049 3267 Xenophontis
1077 3190 1150 3248 locis
1172 3190 1300 3247 refertae
1322 3194 1398 3247 sunt.

255 3289 365 3351 Tauron
379 3298 470 3353 totam
487 3292 710 3370 dispositionem
727 3292 784 3350 Dio
812 3298 863 3350 aut
884 3290 949 3367 ipse
966 3291 1081 3350 invenit
1100 3296 1151 3348 aut
1165 3288 1283 3348 aliunde
1298 3307 1398 3365 sump·
1487 3277 1490 3282 ¹

145 3437 148 3443 .
254 3393 302 3452 sit.
339 3393 420 3452 Haec
436 3392 624 3470 Wegchaupt
645 3393 786 3468 neglexit,
810 3411 876 3450 cum
898 3391 1079 3448 Duemmleri
1103 3396 1132 3448 et
1155 3390 1273 3448 Ernesti
1290 3389 1399 3448 Weber

226 3561 228 3566 ¹
256 3493 400 3554 rationem
417 3511 452 3552 ao
466 3495 543 3552 viam
560 3495 686 3561 cautius,
708 3511 794 3570 quam
813 3493 978 3569 oportebat,
995 3493 1114 3551 vitaret.
1151 3489 1243 3548 Sicuti
1259 3510 1287 3567 p.
1306 3493 1343 3546 52
1363 3491 1398 3547 dc

254 3600 317 3653 tota
339 3615 382 3654 or.
400 3595 447 3654 111
472 3603 566 3672 parte,
590 3613 666 3673 quae
689 3602 733 3654 est
757 3594 825 3652 inde
847 3613 866 3652 a
881 3594 897 3664 ἓ
915 3595 951 3651 81
974 3611 1069 3670 usque
1091 3591 1128 3649 ad
1151 3591 1246 3664 finem,
1269 3590 1397 3667 amplius

255 3694 400 3771 disputari
423 3715 543 3755 necesse
565 3716 622 3756 non
654 3715 718 3755 esse
742 3695 824 3761 dicit,
855 3715 919 3754 cum
945 3696 998 3754 llio
1021 3692 1249 3770 Xenophontem
1271 3691 1399 3749 maxime

254 3788 396 3856 imitetur.

354 3898 401 3957 Dc
422 3901 541 3959 acerelio
562 3899 705 3960 orationis
725 3900 846 3974 primae.
892 3896 937 3955 Dc
960 3896 1092 3955 fontibus
1118 3895 1262 3954 orationis
1292 3895 1399 3952 tertiae

255 4001 388 4060 oratione
409 4002 505 4076 prima
529 4002 664 4076 neglecta
696 4001 753 4059 dici
778 4001 890 4076 nequit.
936 3999 1011 4056 Nam
1042 3997 1221 4057 nouaclum
1253 4012 1302 4052 res
1324 3993 1397 4069 ipsa,

255 4099 291 4158 de
314 4120 372 4177 qua
393 4101 534 4177 loquitur,
558 4099 658 4159 eadem
681 4108 735 4170 ost,
764 4100 814 4158 sed
838 4101 901 4158 fere
923 4099 1001 4157 idem
1024 4099 1112 4157 etiam
1136 4096 1206 4156 ordo
1229 4113 1338 4166 rerum,
1365 4091 1396 4151 id

256 4197 333 4279 quod
358 4207 512 4278 utramque
535 4202 698 4261 orationem
721 4201 833 4277 legenti
855 4201 955 4258 statim
978 4201 1116 4258 occurrit.
1161 4197 1226 4256 Hoc
1248 4197 1308 4254 iam
1332 4196 1398 4254 teti·

254 4303 300 4377 git
312 4302 517 4373 Praechter,
531 4301 644 4363 Archiv
654 4303 702 4361 fiir
715 4301 893 4362 Gcschichte
907 4291 1164 4376 der'Philosophie
1178 4300 1213 4371 V,
1229 4320 1256 4378 p.
1268 4300 1308 4358 42
1320 4319 1386 4379 sqq.
