3298 5024
835 383 874 460 tr

281 581 365 651 rimis
400 593 429 650 et
460 601 496 649 hs
519 579 618 667 regem
645 584 765 667 quidem
800 587 866 648 esse
889 584 1006 664 probat,
1040 597 1115 664 quas
1144 583 1178 645 tri·
1209 572 1360 663 paradoxa
1385 573 1426 648 lta

284 694 395 773 Cynica
424 713 490 753 esse
519 712 606 770 posse
637 711 694 751 non
718 690 902 765 negabimus.
949 686 1112 764 AGyuiois
1145 694 1243 746 autem
1270 694 1358 764 atque
1390 687 1428 746 ab

282 798 347 873 ipso
370 794 550 853 Antisthene
571 787 609 851 ¹de
625 793 747 852 Socrate
771 799 799 849 et
821 811 891 868 rege
908 791 1066 849 Persarum
1084 789 1266 868 disputatum
1289 808 1354 846 esse
1377 789 1427 847 do·

283 905 349 956 cent
372 898 518 956 Arrianus
541 896 669 972 Epictet.
693 895 764 952 diss.
783 890 821 950 ill
844 894 938 950 aaa:
961 891 1031 964 πῶς
1053 887 1221 964 σιινέκρινε
1243 887 1302 963 τὴν
1324 885 1428 949 edbur-

282 993 396 1072 μονίαν
416 994 474 1070 τὴν
497 993 597 1056 αὑτοῦ
620 997 659 1072 τῇ
686 991 827 1067 μεγάλου
851 989 1025 1068 βασιλέως;
1049 988 1171 1065 μᾶλλον
1194 985 1222 1050 δ’
1246 986 1322 1051 οὐδὲ
1350 1001 1425 1062 συγ·

280 1094 389 1173 κριτὸν
411 1096 493 1178 ᾤετο
516 1093 605 1168 εἶναι,
630 1104 659 1154 et
681 1097 827 1155 Lucienus
852 1096 922 1153 dial.
939 1103 1025 1153 mort.
1039 1098 1074 1152 11
1088 1115 1118 1152 a:
1142 1089 1162 1152 ἃ
1183 1091 1245 1167 γὰρ
1268 1089 1365 1167 ἐχρῆν
1384 1089 1425 1154 σύ

281 1214 315 1258 τε
346 1199 423 1271 (scil.
447 1193 611 1274 Diogenes)
637 1192 867 1269 Ἀντισθένους
890 1190 1158 1269 ἐκληρονόμησας
1186 1191 1236 1253 καὶ
1259 1191 1323 1265 ἐγὼ
1346 1193 1426 1267 (soil.

282 1297 396 1374 Crates)
430 1298 500 1372 σοῦ,
531 1297 641 1379 πολλῷ,
672 1294 766 1371 μείζω
798 1293 849 1356 καί
882 1291 1065 1371 σεμνότερα
1097 1296 1154 1367 τῆς
1187 1296 1251 1354 τῶν
1286 1291 1425 1369 Περσῶν

284 1394 396 1474 ἀρχῆς.
1439 1487 1444 1494 ,

384 1501 428 1559 1)ε
452 1500 647 1559 similitudine
671 1520 746 1577 quae
769 1501 847 1557 iuter
870 1506 1003 1557 nostrum
1023 1499 1120 1558 locum
1137 1505 1167 1556 et
1181 1497 1339 1558 Themistii
1355 1493 1428 1572 περὶ

282 1598 399 1678 ἀρετῆς
429 1601 597 1669 intercedit,
631 1607 700 1676 post
722 1599 996 1659 Buechelerum
1020 1601 1107 1670 (mus.
1130 1598 1190 1658 Rh.
1213 1599 1275 1658 vol.
1295 1590 1427 1672 XXVIl)

280 1703 447 1780 disputavit
471 1702 544 1759 Ern.
568 1700 676 1759 Weber
700 1721 729 1778 p.
753 1702 813 1760 ‘333
837 1721 901 1779 sqq.

380 1803 427 1862 De
441 1803 558 1861 Iuliani
589 1803 719 1862 oratione
747 1803 886 1863 sectanda.
930 1801 1085 1870 Quomodo
1110 1801 1251 1862 Socrates
1286 1802 1323 1860 de
1356 1821 1426 1878 rega

282 1903 441 1963 Persarum
462 1901 648 1980 disseruerit,
680 1904 784 1962 eodem
807 1904 870 1960 fere
893 1902 980 1960 modo
1009 1922 1069 1978 quo
1095 1901 1150 1960 Dio
1177 1902 1270 1962 tradit
1294 1902 1426 1962 lulianus

281 2023 322 2064 or.
347 2004 376 2062 Π
399 2024 427 2082 p.
452 2005 519 2075 rea,
549 2007 632 2064 ouius
655 2005 819 2063 orationem
842 2002 1000 2078 permultis
1031 2003 1121 2061 rebus
1150 2022 1215 2062 oum
1241 2003 1336 2062 [lione
1358 2023 1424 2064 con·

280 2105 455 2164 sentientem
479 2125 514 2162 ex
543 2105 634 2162 llione
657 2105 794 2162 haustam
819 2122 883 2160 esse
909 2111 994 2180 putat
1017 2103 1180 2163 Praechter
1203 2105 1222 2162 1.
1246 2104 1274 2177 1.,
1309 2113 1343 2164 ut
1368 2106 1427 2165 ium

282 2207 422 2263 diximus.
467 2204 511 2263 cf.
527 2205 615 2263 etiam
639 2205 668 2264 J.
691 2207 727 2264 R.
753 2198 872 2275 Aemus,
897 2206 990 2264 lulian
1015 2207 1074 2265 und
1096 2206 1170 2265 ilion
1189 2199 1426 2282 Chrysostomos,

282 2305 388 2382 Progr.
412 2305 745 2366 Tanberbisohofsheim
772 2305 860 2374 1895,
890 2327 918 2383 p.
942 2309 980 2364 14
1014 2327 1043 2364 n.
1067 2311 1094 2366 4.
1139 2307 1274 2367 Iulianus
1307 2307 1427 2366 brevius

280 2417 398 2479 narrat;
432 2427 467 2465 ne
502 2408 646 2484 colloquii
676 2408 795 2485 quidem
819 2409 960 2466 meminit.
1019 2406 1076 2467 Sed
1111 2408 1203 2483 addit,
1237 2408 1315 2486 quod
1348 2408 1426 2485 apud

280 2507 406 2564 Dionem
430 2507 626 2583 desideratur,
659 2504 832 2582 αἱροῦντας
854 2506 978 2582 νήσους
1000 2506 1053 2568 καὶ
1074 2505 1319 2584 σαγηνεύοντσς
1341 2508 1426 2585 λιβα·

281 2605 385 2666 νωτοῦ
409 2602 492 2682 χίλια
514 2601 656 2667 τάλαντα
677 2603 912 2682 καταθύοντας,
944 2608 1028 2666 addit
1051 2628 1068 2666 a
1091 2607 1215 2668 Socrate
1251 2611 1426 2670 conscium

280 2708 419 2785 Xerxem,
450 2708 501 2766 sed
535 2728 570 2767 ns
604 2709 698 2767 ullum
722 2707 841 2786 quidem
873 2699 924 2767 aut
948 2709 1104 2767 Persarum
1124 2717 1176 2768 aut
1201 2709 1352 2786 Lydorum
1375 2720 1426 2769 aut

282 2810 476 2869 Macedonum
494 2829 596 2886 regem
612 2810 765 2869 laudatum
788 2829 853 2869 esse
876 2829 971 2888 neque
995 2810 1097 2869 ducem
1118 2810 1212 2869 ullum
1232 2809 1424 2870 Graecorum.

281 2909 364 2978 Quae
388 2931 406 2970 a
427 2910 542 2970 Iuliano
564 2912 699 2973 Platonis
727 2913 849 2972 memori
877 2913 946 2972 addi
979 2913 1113 2990 potuisse
1138 2912 1206 2988 quis
1228 2907 1338 2987 neget?
1380 2911 1425 2970 Ct'.
1500 2971 1505 2976 ,

280 3031 305 3070 o.
328 3031 357 3087 g.
381 3011 460 3071 Plat.
483 3011 563 3087 legg.
586 3010 629 3067 111
653 3014 711 3070 698
729 3013 762 3070 d:
796 3010 1035 3088 σαγηνεύσαιεν
1061 3011 1172 3073 πᾶσαν
1196 3008 1263 3086 τὴν,
1283 3007 1425 3086 Ἐρετρι-

280 3108 347 3184 κήν.
384 3110 494 3169 Tamen
516 3112 605 3170 etism
621 3131 638 3170 a
656 3110 778 3188 Cynicis
801 3112 876 3172 huno
899 3115 1083 3190 provinciam
1106 3122 1280 3190 usurpatam
1302 3133 1366 3172 esse
1387 3133 1425 3173 ex

280 3212 418 3289 Epicteto
441 3220 470 3271 ct
485 3211 615 3272 Luoiano
638 3214 855 3290 cognovimus3
875 3214 1080 3289 Antisthenes,
1112 3217 1163 3292 qui
1186 3221 1273 3273 antea
1295 3213 1425 3291 Gorgiae

280 3312 444 3392 discipulus
464 3315 531 3381 fuit,
555 3313 689 3375 Socratis
708 3317 805 3376 factus
829 3315 977 3383 Archelao
1000 3317 1121 3393 dialogo
1144 3335 1197 3374 suo
1222 3321 1324 3375 contra
1347 3313 1423 3374 (ior-

280 3413 360 3490 giam
396 3417 544 3492 pugnavit
577 3412 701 3491 (Athen.
737 3415 766 3476 V
799 3436 828 3494 p.
852 3416 953 3480 arod.
1005 3418 1196 3487 Duemmler,
1226 3415 1423 3491 Akndomikn,

278 3533 329 3592 pp.
354 3517 478 3588 1—18).

379 3616 426 3674 De
446 3615 632 3677 Antisthenis
653 3618 783 3677 Politice.
828 3618 970 3677 Eiusdem
994 3625 1092 3677 autem
1115 3619 1252 3698 dialogus
1267 3619 1423 3685 Politicns‚

279 3725 312 3776 ut
333 3724 461 3777 testatur
492 3703 571 3778 idem
595 3719 765 3778 Athenaeus
799 3721 902 3780 eodem
932 3722 1007 3798 loeo,
1036 3715 1189 3783 ἁπάντων
1217 3716 1423 3796 καταδρομὴν

279 3812 344 3892 ἔχει
368 3816 433 3878 τῶν
455 3804 607 3894 Ἀθήνησι
638 3819 850 3896 δημαγωγῶν.
894 3822 1035 3881 Fortasse
1064 3823 1100 3881 od
1128 3821 1315 3882 Antisthenis
1346 3822 1423 3882 Poli-

279 3921 371 3979 ticum
398 3921 520 3997 respicit
541 3919 687 3981 lulianus:
721 3917 792 3982 ἀλλ’
825 3917 901 3982 οὐδὲ
935 3917 1096 3998 Ἑλλήνων
1126 3919 1309 3997 στρατηγὸν
1342 3920 1422 4000 (scil.

278 4016 431 4099 ἐπῄνεσε)
455 4016 538 4093 πλὴν
572 4017 705 4097 σφόδρα
729 4017 857 4094 ὀλίγων.
894 4023 994 4082 Verba
1018 4017 1085 4097 μετ’
1108 4018 1226 4096 ὀλίγων
1245 4020 1423 4099 ἀνρθώπων

279 4121 473 4182 Antisthenes
497 4124 624 4200 amabat,
651 4144 715 4183 cum
739 4123 844 4202 Cynici
871 4132 990 4202 praeter
1013 4127 1208 4204 peritissimos
1237 4145 1338 4186 omnes
1370 4125 1421 4186 ho·

279 4225 372 4281 mines
394 4224 524 4282 insanire
549 4231 697 4301 putarent,
720 4220 830 4299 (Laert.
855 4225 940 4300 Diog.
957 4226 1002 4284 VI
1026 4228 1078 4286 12:
1117 4223 1184 4300 μετ’
1206 4221 1325 4297 ὀλίγων
1347 4220 1422 4297 ἀγα·

278 4318 368 4400 θῶν),
389 4345 418 4386 v.
442 4325 623 4385 Duemmler.
645 4325 682 4384 ad
705 4325 840 4404 Xenoph.
862 4328 980 4403 Agesil.
1006 4330 1068 4386 llo
1090 4329 1119 4386 in
1143 4327 1253 4386 Philol.
1276 4327 1337 4388 rol.
1354 4325 1422 4388 LlV
