<?xml version="1.0" encoding="UTF-8"?>
<!DOCTYPE html PUBLIC "-//W3C//DTD XHTML 1.0 Transitional//EN"
    "http://www.w3.org/TR/xhtml1/DTD/xhtml1-transitional.dtd">
<html xmlns="http://www.w3.org/1999/xhtml" xml:lang="en" lang="en">
 <head>
  <title>
</title>
<meta http-equiv="Content-Type" content="text/html;charset=utf-8" />
  <meta name='ocr-system' content='tesseract 3.04.00' />
  <meta name='ocr-capabilities' content='ocr_page ocr_carea ocr_par ocr_line ocrx_word'/>
</head>
<body>
  <div class='ocr_page' id='page_1' title='image "./dedionischrysos00fiscgoog_0027.png"; bbox 0 0 3298 5024; ppageno 0'>
   <div class='ocr_carea' id='block_1_1' title="bbox 824 364 865 424">
    <p class='ocr_par' dir='ltr' id='par_1_1' title="bbox 824 364 865 424">
     <span class='ocr_line' id='line_1_1' title="bbox 824 364 865 424; baseline 0.024 -1"><span class='ocrx_word' id='word_1_1' title='bbox 824 364 865 424; x_wconf 80' lang='lat'><strong>20</strong></span> 
     </span>
    </p>
   </div>
   <div class='ocr_carea' id='block_1_2' title="bbox 247 545 1422 4354">
    <p class='ocr_par' dir='ltr' id='par_1_2' title="bbox 271 545 1417 1537">
     <span class='ocr_line' id='line_1_2' title="bbox 271 545 1415 628; baseline 0.004 -25"><span class='ocrx_word' id='word_1_2' title='bbox 271 545 421 618; x_wconf 85' lang='lat' dir='ltr'><strong>reicimur,</strong></span> <span class='ocrx_word' id='word_1_3' title='bbox 455 546 481 605; x_wconf 91' lang='lat' dir='ltr'><strong>si</strong></span> <span class='ocrx_word' id='word_1_4' title='bbox 507 545 586 616; x_wconf 71' lang='lat' dir='ltr'><strong>ad5</strong></span> <span class='ocrx_word' id='word_1_5' title='bbox 621 547 680 606; x_wconf 87' lang='grc'><strong>118</strong></span> <span class='ocrx_word' id='word_1_6' title='bbox 702 548 874 623; x_wconf 77' lang='lat' dir='ltr'>transimus,</span> <span class='ocrx_word' id='word_1_7' title='bbox 906 568 995 626; x_wconf 86' lang='lat' dir='ltr'><strong>quam</strong></span> <span class='ocrx_word' id='word_1_8' title='bbox 1028 548 1064 608; x_wconf 87' lang='lat' dir='ltr'><strong>de</strong></span> <span class='ocrx_word' id='word_1_9' title='bbox 1088 551 1191 610; x_wconf 82' lang='lat' dir='ltr'><strong>Arnim</strong></span> <span class='ocrx_word' id='word_1_10' title='bbox 1214 572 1243 628; x_wconf 90' lang='lat' dir='ltr'><strong>p.</strong></span> <span class='ocrx_word' id='word_1_11' title='bbox 1265 551 1325 610; x_wconf 88' lang='grc'><strong>430</strong></span> <span class='ocrx_word' id='word_1_12' title='bbox 1349 569 1415 608; x_wconf 88' lang='lat' dir='ltr'><strong>cum</strong></span> 
     </span>
     <span class='ocr_line' id='line_1_3' title="bbox 272 645 1417 725; baseline 0.003 -21"><span class='ocrx_word' id='word_1_13' title='bbox 272 645 307 716; x_wconf 68' lang='lat'><strong>§5</strong></span> <span class='ocrx_word' id='word_1_14' title='bbox 333 646 496 706; x_wconf 80' lang='lat'>104-107</span> <span class='ocrx_word' id='word_1_15' title='bbox 520 647 579 706; x_wconf 90' lang='lat' dir='ltr'><strong>iam</strong></span> <span class='ocrx_word' id='word_1_16' title='bbox 612 648 788 725; x_wconf 89' lang='lat' dir='ltr'><strong>composuit,</strong></span> <span class='ocrx_word' id='word_1_17' title='bbox 818 647 871 708; x_wconf 86' lang='lat' dir='ltr'><strong>sed</strong></span> <span class='ocrx_word' id='word_1_18' title='bbox 898 650 1018 710; x_wconf 91' lang='lat' dir='ltr'><strong>minime</strong></span> <span class='ocrx_word' id='word_1_19' title='bbox 1039 650 1082 710; x_wconf 91' lang='lat' dir='ltr'><strong>ibi</strong></span> <span class='ocrx_word' id='word_1_20' title='bbox 1104 651 1260 712; x_wconf 85' lang='lat' dir='ltr'><strong>inserenda</strong></span> <span class='ocrx_word' id='word_1_21' title='bbox 1283 657 1361 725; x_wconf 89' lang='lat' dir='ltr'><strong>sunt,</strong></span> <span class='ocrx_word' id='word_1_22' title='bbox 1383 656 1417 708; x_wconf 89' lang='lat' dir='ltr'><strong>ut</strong></span> 
     </span>
     <span class='ocr_line' id='line_1_4' title="bbox 273 747 1417 830; baseline 0.003 -25"><span class='ocrx_word' id='word_1_23' title='bbox 273 754 353 806; x_wconf 85' lang='lat' dir='ltr'><strong>recte</strong></span> <span class='ocrx_word' id='word_1_24' title='bbox 375 747 453 806; x_wconf 91' lang='lat' dir='ltr'><strong>vidit</strong></span> <span class='ocrx_word' id='word_1_25' title='bbox 474 767 502 808; x_wconf 87' lang='grc' dir='ltr'><strong>ν.</strong></span> <span class='ocrx_word' id='word_1_26' title='bbox 518 747 547 807; x_wconf 84' lang='grc' dir='ltr'><strong>ἀ.</strong></span> <span class='ocrx_word' id='word_1_27' title='bbox 591 749 695 808; x_wconf 89' lang='lat' dir='ltr'><strong>Potius</strong></span> <span class='ocrx_word' id='word_1_28' title='bbox 717 749 764 811; x_wconf 92' lang='lat' dir='ltr'><strong>illi</strong></span> <span class='ocrx_word' id='word_1_29' title='bbox 787 751 915 810; x_wconf 85' lang='lat' dir='ltr'><strong>orationi</strong></span> <span class='ocrx_word' id='word_1_30' title='bbox 937 750 1009 810; x_wconf 87' lang='lat' dir='ltr'><strong>haec</strong></span> <span class='ocrx_word' id='word_1_31' title='bbox 1031 751 1237 830; x_wconf 77' lang='lat' dir='ltr'><strong>paragraphus</strong></span> <span class='ocrx_word' id='word_1_32' title='bbox 1259 749 1417 812; x_wconf 84' lang='lat' dir='ltr'><strong>tribuenda</strong></span> 
     </span>
     <span class='ocr_line' id='line_1_5' title="bbox 271 849 1410 930; baseline 0.002 -23"><span class='ocrx_word' id='word_1_33' title='bbox 271 855 326 918; x_wconf 90' lang='lat' dir='ltr'><strong>est,</strong></span> <span class='ocrx_word' id='word_1_34' title='bbox 360 867 419 926; x_wconf 89' lang='lat' dir='ltr'><strong>qua</strong></span> <span class='ocrx_word' id='word_1_35' title='bbox 451 849 488 908; x_wconf 84' lang='lat' dir='ltr'><strong>dc</strong></span> <span class='ocrx_word' id='word_1_36' title='bbox 520 858 645 927; x_wconf 77' lang='lat' dir='ltr'><strong>tyranno</strong></span> <span class='ocrx_word' id='word_1_37' title='bbox 678 851 789 911; x_wconf 89' lang='lat' dir='ltr'><strong>dictum</strong></span> <span class='ocrx_word' id='word_1_38' title='bbox 825 860 903 923; x_wconf 88' lang='lat' dir='ltr'><strong>orat;</strong></span> <span class='ocrx_word' id='word_1_39' title='bbox 930 872 1056 930; x_wconf 87' lang='lat' dir='ltr'><strong>namquo</strong></span> <span class='ocrx_word' id='word_1_40' title='bbox 1079 853 1216 930; x_wconf 86' lang='lat' dir='ltr'><strong>exemplo</strong></span> <span class='ocrx_word' id='word_1_41' title='bbox 1236 853 1318 928; x_wconf 87' lang='lat' dir='ltr'><strong>rogis</strong></span> <span class='ocrx_word' id='word_1_42' title='bbox 1342 851 1410 910; x_wconf 89' lang='lat' dir='ltr'><strong>Par·</strong></span> 
     </span>
     <span class='ocr_line' id='line_1_6' title="bbox 273 949 1417 1030; baseline 0.002 -23"><span class='ocrx_word' id='word_1_43' title='bbox 273 968 372 1010; x_wconf 87' lang='lat' dir='ltr'><strong>sarum</strong></span> <span class='ocrx_word' id='word_1_44' title='bbox 394 956 428 1008; x_wconf 86' lang='lat' dir='ltr'><strong>ut</strong></span> <span class='ocrx_word' id='word_1_45' title='bbox 450 950 521 1010; x_wconf 85' lang='lat' dir='ltr'><strong>mali</strong></span> <span class='ocrx_word' id='word_1_46' title='bbox 544 951 625 1027; x_wconf 90' lang='lat' dir='ltr'><strong>regis</strong></span> <span class='ocrx_word' id='word_1_47' title='bbox 648 953 752 1028; x_wconf 87' lang='lat' dir='ltr'><strong>utitur,</strong></span> <span class='ocrx_word' id='word_1_48' title='bbox 775 953 871 1012; x_wconf 90' lang='lat' dir='ltr'><strong>sicuti.</strong></span> <span class='ocrx_word' id='word_1_49' title='bbox 886 954 943 1013; x_wconf 89' lang='lat' dir='ltr'><strong>iam</strong></span> <span class='ocrx_word' id='word_1_50' title='bbox 960 949 994 1029; x_wconf 62' lang='grc' dir='ltr'><strong>ἓξ</strong></span> <span class='ocrx_word' id='word_1_51' title='bbox 1009 955 1044 1012; x_wconf 83' lang='grc'><strong>31</strong></span> <span class='ocrx_word' id='word_1_52' title='bbox 1068 973 1133 1030; x_wconf 89' lang='lat' dir='ltr'><strong>sqq.</strong></span> <span class='ocrx_word' id='word_1_53' title='bbox 1157 973 1226 1012; x_wconf 87' lang='lat' dir='ltr'><strong>usus</strong></span> <span class='ocrx_word' id='word_1_54' title='bbox 1251 959 1306 1011; x_wconf 90' lang='lat' dir='ltr'><strong>est.</strong></span> <span class='ocrx_word' id='word_1_55' title='bbox 1350 951 1417 1010; x_wconf 79' lang='lat' dir='ltr'><strong>ursi</strong></span> 
     </span>
     <span class='ocr_line' id='line_1_7' title="bbox 272 1050 1415 1132; baseline 0.002 -24"><span class='ocrx_word' id='word_1_56' title='bbox 272 1050 366 1126; x_wconf 86' lang='lat' dir='ltr'><strong>igitur</strong></span> <span class='ocrx_word' id='word_1_57' title='bbox 400 1050 472 1110; x_wconf 83' lang='lat' dir='ltr'><strong>haec</strong></span> <span class='ocrx_word' id='word_1_58' title='bbox 513 1053 718 1131; x_wconf 76' lang='lat' dir='ltr'><strong>paragraphus</strong></span> <span class='ocrx_word' id='word_1_59' title='bbox 758 1073 869 1114; x_wconf 84' lang='lat' dir='ltr'><strong>conexu</strong></span> <span class='ocrx_word' id='word_1_60' title='bbox 901 1055 1138 1114; x_wconf 86' lang='lat' dir='ltr'><strong>antecedentium</strong></span> <span class='ocrx_word' id='word_1_61' title='bbox 1173 1061 1203 1113; x_wconf 89' lang='lat' dir='ltr'><strong>ct</strong></span> <span class='ocrx_word' id='word_1_62' title='bbox 1229 1054 1415 1132; x_wconf 82' lang='lat' dir='ltr'><strong>sequentium</strong></span> 
     </span>
     <span class='ocr_line' id='line_1_8' title="bbox 276 1151 1416 1232; baseline 0.001 -22"><span class='ocrx_word' id='word_1_63' title='bbox 276 1151 364 1228; x_wconf 83' lang='lat' dir='ltr'><strong>plane</strong></span> <span class='ocrx_word' id='word_1_64' title='bbox 399 1161 488 1225; x_wconf 82' lang='lat' dir='ltr'><strong>cerat,</strong></span> <span class='ocrx_word' id='word_1_65' title='bbox 519 1159 615 1214; x_wconf 91' lang='lat' dir='ltr'><strong>tamen</strong></span> <span class='ocrx_word' id='word_1_66' title='bbox 639 1174 695 1214; x_wconf 89' lang='lat' dir='ltr'><strong>uon</strong></span> <span class='ocrx_word' id='word_1_67' title='bbox 718 1157 813 1231; x_wconf 90' lang='lat' dir='ltr'><strong>magis</strong></span> <span class='ocrx_word' id='word_1_68' title='bbox 837 1174 923 1232; x_wconf 90' lang='lat' dir='ltr'><strong>quarn</strong></span> <span class='ocrx_word' id='word_1_69' title='bbox 948 1158 978 1215; x_wconf 90' lang='lat' dir='ltr'><strong>in</strong></span> <span class='ocrx_word' id='word_1_70' title='bbox 1001 1152 1018 1229; x_wconf 65' lang='lat' dir='ltr'><strong>t</strong></span> <span class='ocrx_word' id='word_1_71' title='bbox 1041 1159 1079 1215; x_wconf 83' lang='lat'><strong>85</strong></span> <span class='ocrx_word' id='word_1_72' title='bbox 1103 1156 1254 1227; x_wconf 85' lang='lat' dir='ltr'><strong>habemus,</strong></span> <span class='ocrx_word' id='word_1_73' title='bbox 1278 1173 1330 1213; x_wconf 88' lang='lat' dir='ltr'><strong>cur</strong></span> <span class='ocrx_word' id='word_1_74' title='bbox 1352 1172 1416 1213; x_wconf 87' lang='lat' dir='ltr'><strong>eam</strong></span> 
     </span>
     <span class='ocr_line' id='line_1_9' title="bbox 275 1241 1416 1334; baseline 0.003 -24"><span class='ocrx_word' id='word_1_75' title='bbox 275 1254 406 1331; x_wconf 78' lang='lat' dir='ltr'><strong>spuriam</strong></span> <span class='ocrx_word' id='word_1_76' title='bbox 427 1272 492 1314; x_wconf 86' lang='lat' dir='ltr'><strong>csse</strong></span> <span class='ocrx_word' id='word_1_77' title='bbox 506 1273 570 1316; x_wconf 92' lang='lat' dir='ltr'><strong>cum</strong></span> <span class='ocrx_word' id='word_1_78' title='bbox 583 1241 734 1333; x_wconf 82' lang='lat' dir='ltr'><strong>Emporio,</strong></span> <span class='ocrx_word' id='word_1_79' title='bbox 746 1257 892 1326; x_wconf 85' lang='lat' dir='ltr'><strong>Arnimio,</strong></span> <span class='ocrx_word' id='word_1_80' title='bbox 905 1256 1122 1334; x_wconf 88' lang='lat' dir='ltr'><strong>Wegehauptio</strong></span> <span class='ocrx_word' id='word_1_81' title='bbox 1139 1265 1287 1333; x_wconf 84' lang='lat' dir='ltr'><strong>putemus.</strong></span> <span class='ocrx_word' id='word_1_82' title='bbox 1321 1255 1416 1314; x_wconf 89' lang='lat' dir='ltr'><strong>Immo</strong></span> 
     </span>
     <span class='ocr_line' id='line_1_10' title="bbox 273 1356 1417 1435; baseline 0.001 -23"><span class='ocrx_word' id='word_1_83' title='bbox 273 1373 334 1413; x_wconf 87' lang='lat' dir='ltr'><strong>rem</strong></span> <span class='ocrx_word' id='word_1_84' title='bbox 357 1356 451 1432; x_wconf 81' lang='lat' dir='ltr'><strong>ipsam</strong></span> <span class='ocrx_word' id='word_1_85' title='bbox 470 1376 527 1416; x_wconf 91' lang='lat' dir='ltr'><strong>non</strong></span> <span class='ocrx_word' id='word_1_86' title='bbox 550 1358 636 1416; x_wconf 88' lang='lat' dir='ltr'><strong>modo</strong></span> <span class='ocrx_word' id='word_1_87' title='bbox 660 1377 717 1418; x_wconf 92' lang='lat' dir='ltr'><strong>non</strong></span> <span class='ocrx_word' id='word_1_88' title='bbox 740 1358 880 1435; x_wconf 78' lang='lat' dir='ltr'><strong>ineptam,</strong></span> <span class='ocrx_word' id='word_1_89' title='bbox 904 1356 956 1417; x_wconf 85' lang='lat' dir='ltr'><strong>scd</strong></span> <span class='ocrx_word' id='word_1_90' title='bbox 978 1358 1015 1417; x_wconf 87' lang='lat' dir='ltr'><strong>ad</strong></span> <span class='ocrx_word' id='word_1_91' title='bbox 1040 1359 1136 1418; x_wconf 85' lang='lat' dir='ltr'><strong>fontes</strong></span> <span class='ocrx_word' id='word_1_92' title='bbox 1160 1358 1249 1417; x_wconf 91' lang='lat' dir='ltr'><strong>huius</strong></span> <span class='ocrx_word' id='word_1_93' title='bbox 1275 1356 1417 1418; x_wconf 87' lang='lat' dir='ltr'><strong>orationis</strong></span> 
     </span>
     <span class='ocr_line' id='line_1_11' title="bbox 278 1454 1298 1537; baseline 0.004 -24"><span class='ocrx_word' id='word_1_94' title='bbox 278 1454 474 1517; x_wconf 87' lang='lat' dir='ltr'><strong>illustrandos</strong></span> <span class='ocrx_word' id='word_1_95' title='bbox 496 1459 707 1534; x_wconf 82' lang='lat' dir='ltr'><strong>gravissimam</strong></span> <span class='ocrx_word' id='word_1_96' title='bbox 732 1479 797 1519; x_wconf 86' lang='lat' dir='ltr'><strong>essa</strong></span> <span class='ocrx_word' id='word_1_97' title='bbox 819 1459 898 1519; x_wconf 83' lang='lat' dir='ltr'><strong>infra</strong></span> <span class='ocrx_word' id='word_1_98' title='bbox 919 1480 948 1537; x_wconf 90' lang='lat' dir='ltr'><strong>p.</strong></span> <span class='ocrx_word' id='word_1_99' title='bbox 972 1461 1010 1520; x_wconf 82' lang='lat'><strong>39</strong></span> <span class='ocrx_word' id='word_1_100' title='bbox 1034 1480 1099 1537; x_wconf 89' lang='lat' dir='ltr'><strong>sqq.</strong></span> <span class='ocrx_word' id='word_1_101' title='bbox 1121 1459 1298 1519; x_wconf 86' lang='lat' dir='ltr'><strong>videbimus.</strong></span> 
     </span>
    </p>

    <p class='ocr_par' dir='ltr' id='par_1_3' title="bbox 271 1557 1419 2122">
     <span class='ocr_line' id='line_1_12' title="bbox 371 1557 1417 1639; baseline 0.003 -25"><span class='ocrx_word' id='word_1_102' title='bbox 371 1557 435 1616; x_wconf 85' lang='lat' dir='ltr'><strong>Iam</strong></span> <span class='ocrx_word' id='word_1_103' title='bbox 458 1565 491 1618; x_wconf 89' lang='lat' dir='ltr'><strong>ut</strong></span> <span class='ocrx_word' id='word_1_104' title='bbox 510 1559 594 1620; x_wconf 87' lang='lat' dir='ltr'><strong>brevi</strong></span> <span class='ocrx_word' id='word_1_105' title='bbox 618 1562 844 1636; x_wconf 76' lang='lat' dir='ltr'><strong>conspiciamus,</strong></span> <span class='ocrx_word' id='word_1_106' title='bbox 868 1580 944 1638; x_wconf 86' lang='lat' dir='ltr'><strong>quae</strong></span> <span class='ocrx_word' id='word_1_107' title='bbox 969 1563 1103 1639; x_wconf 85' lang='lat' dir='ltr'><strong>proxima</strong></span> <span class='ocrx_word' id='word_1_108' title='bbox 1120 1560 1299 1632; x_wconf 83' lang='lat' dir='ltr'><strong>invenimus,</strong></span> <span class='ocrx_word' id='word_1_109' title='bbox 1323 1559 1417 1618; x_wconf 87' lang='lat' dir='ltr'><strong>oratio</strong></span> 
     </span>
     <span class='ocr_line' id='line_1_13' title="bbox 272 1653 1418 1734; baseline 0.003 -19"><span class='ocrx_word' id='word_1_110' title='bbox 272 1656 339 1716; x_wconf 84' lang='lat' dir='ltr'><strong>inda</strong></span> <span class='ocrx_word' id='word_1_111' title='bbox 369 1653 512 1724; x_wconf 72' lang='lat' dir='ltr'><strong>a§115</strong></span> <span class='ocrx_word' id='word_1_112' title='bbox 536 1653 641 1734; x_wconf 84' lang='grc' dir='ltr'>οὕτως</span> <span class='ocrx_word' id='word_1_113' title='bbox 664 1656 700 1718; x_wconf 78' lang='grc' dir='ltr'><strong>δὲ</strong></span> <span class='ocrx_word' id='word_1_114' title='bbox 734 1662 872 1719; x_wconf 89' lang='lat' dir='ltr'><strong>continua</strong></span> <span class='ocrx_word' id='word_1_115' title='bbox 895 1682 952 1721; x_wconf 91' lang='lat' dir='ltr'><strong>non</strong></span> <span class='ocrx_word' id='word_1_116' title='bbox 975 1664 1033 1722; x_wconf 89' lang='lat' dir='ltr'><strong>iam</strong></span> <span class='ocrx_word' id='word_1_117' title='bbox 1053 1669 1108 1722; x_wconf 89' lang='lat' dir='ltr'><strong>cst.</strong></span> <span class='ocrx_word' id='word_1_118' title='bbox 1153 1660 1300 1721; x_wconf 74' lang='lat' dir='ltr'><strong>Secuntur</strong></span> <span class='ocrx_word' id='word_1_119' title='bbox 1321 1659 1357 1718; x_wconf 88' lang='lat' dir='ltr'><strong>de</strong></span> <span class='ocrx_word' id='word_1_120' title='bbox 1375 1666 1418 1734; x_wconf 86' lang='lat' dir='ltr'><strong>ty·</strong></span> 
     </span>
     <span class='ocr_line' id='line_1_14' title="bbox 272 1755 1417 1836; baseline 0.006 -22"><span class='ocrx_word' id='word_1_121' title='bbox 272 1777 364 1818; x_wconf 87' lang='lat' dir='ltr'><strong>ranno</strong></span> <span class='ocrx_word' id='word_1_122' title='bbox 397 1759 472 1818; x_wconf 86' lang='lat' dir='ltr'><strong>duae</strong></span> <span class='ocrx_word' id='word_1_123' title='bbox 502 1760 666 1836; x_wconf 83' lang='lat' dir='ltr'><strong>particulae</strong></span> <span class='ocrx_word' id='word_1_124' title='bbox 694 1756 741 1835; x_wconf 62' lang='grc' dir='ltr'><strong>(ἐξ</strong></span> <span class='ocrx_word' id='word_1_125' title='bbox 765 1762 824 1819; x_wconf 84' lang='grc'><strong>115</strong></span> <span class='ocrx_word' id='word_1_126' title='bbox 849 1755 954 1835; x_wconf 82' lang='grc' dir='ltr'>οὕτως</span> <span class='ocrx_word' id='word_1_127' title='bbox 979 1792 1017 1802; x_wconf 93' lang='grc'>-</span> <span class='ocrx_word' id='word_1_128' title='bbox 1041 1763 1057 1832; x_wconf 67' lang='grc' dir='ltr'><strong>ἓ</strong></span> <span class='ocrx_word' id='word_1_129' title='bbox 1083 1763 1141 1820; x_wconf 86' lang='grc'><strong>117</strong></span> <span class='ocrx_word' id='word_1_130' title='bbox 1173 1769 1202 1820; x_wconf 85' lang='lat' dir='ltr'><strong>ct</strong></span> <span class='ocrx_word' id='word_1_131' title='bbox 1231 1758 1345 1835; x_wconf 27' lang='lat'>§¹118)</span> <span class='ocrx_word' id='word_1_132' title='bbox 1368 1791 1417 1834; x_wconf 87' lang='lat'><strong>-,</strong></span> 
     </span>
     <span class='ocr_line' id='line_1_15' title="bbox 272 1845 1418 1940; baseline 0.004 -24"><span class='ocrx_word' id='word_1_133' title='bbox 272 1857 379 1917; x_wconf 83' lang='lat' dir='ltr'><strong>deinde</strong></span> <span class='ocrx_word' id='word_1_134' title='bbox 402 1879 437 1919; x_wconf 88' lang='lat' dir='ltr'><strong>ea</strong></span> <span class='ocrx_word' id='word_1_135' title='bbox 460 1845 539 1938; x_wconf 85' lang='lat' dir='ltr'><strong>pars,</strong></span> <span class='ocrx_word' id='word_1_136' title='bbox 567 1879 643 1938; x_wconf 85' lang='lat' dir='ltr'><strong>quae</strong></span> <span class='ocrx_word' id='word_1_137' title='bbox 665 1868 729 1920; x_wconf 88' lang='lat' dir='ltr'><strong>erat</strong></span> <span class='ocrx_word' id='word_1_138' title='bbox 751 1860 787 1919; x_wconf 85' lang='lat' dir='ltr'><strong>de</strong></span> <span class='ocrx_word' id='word_1_139' title='bbox 810 1863 985 1940; x_wconf 88' lang='lat' dir='ltr'><strong>propinquis</strong></span> <span class='ocrx_word' id='word_1_140' title='bbox 1008 1869 1037 1921; x_wconf 89' lang='lat' dir='ltr'><strong>et</strong></span> <span class='ocrx_word' id='word_1_141' title='bbox 1059 1863 1162 1921; x_wconf 86' lang='lat' dir='ltr'><strong>amicis</strong></span> <span class='ocrx_word' id='word_1_142' title='bbox 1185 1858 1230 1937; x_wconf 62' lang='grc' dir='ltr'><strong>(ἓξ</strong></span> <span class='ocrx_word' id='word_1_143' title='bbox 1256 1863 1346 1921; x_wconf 82' lang='grc'><strong>113-</strong></span> <span class='ocrx_word' id='word_1_144' title='bbox 1360 1863 1418 1921; x_wconf 84' lang='grc'><strong>115</strong></span> 
     </span>
     <span class='ocr_line' id='line_1_16' title="bbox 271 1955 1419 2042; baseline -0.001 -21"><span class='ocrx_word' id='word_1_145' title='bbox 271 1955 478 2038; x_wconf 79' lang='grc' dir='ltr'>ἀπολαῦσαι),</span> <span class='ocrx_word' id='word_1_146' title='bbox 502 1970 683 2022; x_wconf 87' lang='lat' dir='ltr'><strong>retractatur</strong></span> <span class='ocrx_word' id='word_1_147' title='bbox 705 1959 752 2038; x_wconf 64' lang='grc' dir='ltr'><strong>(ἓξ</strong></span> <span class='ocrx_word' id='word_1_148' title='bbox 778 1966 966 2042; x_wconf 82' lang='grc'><strong>119-122),</strong></span> <span class='ocrx_word' id='word_1_149' title='bbox 995 1963 1046 2024; x_wconf 90' lang='lat' dir='ltr'><strong>sed</strong></span> <span class='ocrx_word' id='word_1_150' title='bbox 1074 1964 1167 2022; x_wconf 89' lang='lat' dir='ltr'><strong>itaut</strong></span> <span class='ocrx_word' id='word_1_151' title='bbox 1189 1963 1276 2041; x_wconf 87' lang='lat' dir='ltr'><strong>plane</strong></span> <span class='ocrx_word' id='word_1_152' title='bbox 1298 1962 1419 2021; x_wconf 83' lang='lat' dir='ltr'><strong>diversa</strong></span> 
     </span>
     <span class='ocr_line' id='line_1_17' title="bbox 273 2049 922 2122; baseline 0.008 -2"><span class='ocrx_word' id='word_1_153' title='bbox 273 2063 424 2121; x_wconf 87' lang='lat' dir='ltr'><strong>sententia</strong></span> <span class='ocrx_word' id='word_1_154' title='bbox 447 2063 562 2122; x_wconf 85' lang='lat' dir='ltr'><strong>evadat.</strong></span> <span class='ocrx_word' id='word_1_155' title='bbox 918 2049 922 2056; x_wconf 37' lang='lat'>⁵</span> 
     </span>
    </p>

    <p class='ocr_par' dir='ltr' id='par_1_4' title="bbox 272 2162 1417 2342">
     <span class='ocr_line' id='line_1_18' title="bbox 371 2162 1417 2243; baseline -0.004 -19"><span class='ocrx_word' id='word_1_156' title='bbox 371 2162 499 2224; x_wconf 89' lang='lat' dir='ltr'><strong>Omnino</strong></span> <span class='ocrx_word' id='word_1_157' title='bbox 522 2165 646 2224; x_wconf 86' lang='lat' dir='ltr'><strong>enimin</strong></span> <span class='ocrx_word' id='word_1_158' title='bbox 664 2165 721 2225; x_wconf 83' lang='lat' dir='ltr'><strong>tine</strong></span> <span class='ocrx_word' id='word_1_159' title='bbox 742 2167 894 2235; x_wconf 88' lang='lat' dir='ltr'><strong>orationis,</strong></span> <span class='ocrx_word' id='word_1_160' title='bbox 914 2166 950 2225; x_wconf 89' lang='lat' dir='ltr'><strong>ad</strong></span> <span class='ocrx_word' id='word_1_161' title='bbox 968 2185 1055 2243; x_wconf 88' lang='lat' dir='ltr'><strong>quem</strong></span> <span class='ocrx_word' id='word_1_162' title='bbox 1073 2164 1251 2236; x_wconf 85' lang='lat' dir='ltr'><strong>accedimus,</strong></span> <span class='ocrx_word' id='word_1_163' title='bbox 1275 2183 1333 2222; x_wconf 91' lang='lat' dir='ltr'><strong>non</strong></span> <span class='ocrx_word' id='word_1_164' title='bbox 1360 2163 1417 2222; x_wconf 91' lang='lat' dir='ltr'><strong>nisi</strong></span> 
     </span>
     <span class='ocr_line' id='line_1_19' title="bbox 272 2265 880 2342; baseline 0 -20"><span class='ocrx_word' id='word_1_165' title='bbox 272 2265 441 2341; x_wconf 85' lang='lat' dir='ltr'><strong>fragmenta</strong></span> <span class='ocrx_word' id='word_1_166' title='bbox 463 2267 582 2342; x_wconf 86' lang='lat' dir='ltr'><strong>singula</strong></span> <span class='ocrx_word' id='word_1_167' title='bbox 606 2266 692 2324; x_wconf 91' lang='lat' dir='ltr'><strong>nobis</strong></span> <span class='ocrx_word' id='word_1_168' title='bbox 714 2273 880 2324; x_wconf 88' lang='lat' dir='ltr'><strong>occurrunt.</strong></span> 
     </span>
    </p>

    <p class='ocr_par' dir='ltr' id='par_1_5' title="bbox 247 2362 1420 3249">
     <span class='ocr_line' id='line_1_20' title="bbox 371 2362 1414 2437; baseline -0.004 -15"><span class='ocrx_word' id='word_1_169' title='bbox 371 2364 406 2435; x_wconf 64' lang='grc' dir='ltr'><strong>ἕξ</strong></span> <span class='ocrx_word' id='word_1_170' title='bbox 430 2366 602 2425; x_wconf 90' lang='grc'><strong>123-138.</strong></span> <span class='ocrx_word' id='word_1_171' title='bbox 647 2364 818 2424; x_wconf 87' lang='lat' dir='ltr'><strong>Orationem</strong></span> <span class='ocrx_word' id='word_1_172' title='bbox 835 2369 1001 2421; x_wconf 79' lang='lat' dir='ltr'><strong>ext-remam</strong></span> <span class='ocrx_word' id='word_1_173' title='bbox 1016 2363 1075 2420; x_wconf 88' lang='lat' dir='ltr'><strong>tria</strong></span> <span class='ocrx_word' id='word_1_174' title='bbox 1091 2362 1163 2420; x_wconf 84' lang='lat' dir='ltr'><strong>dano</strong></span> <span class='ocrx_word' id='word_1_175' title='bbox 1178 2363 1348 2437; x_wconf 84' lang='lat' dir='ltr'><strong>fragmenta</strong></span> <span class='ocrx_word' id='word_1_176' title='bbox 1363 2380 1414 2436; x_wconf 88' lang='lat' dir='ltr'><strong>ap-</strong></span> 
     </span>
     <span class='ocr_line' id='line_1_21' title="bbox 273 2458 1415 2542; baseline -0.002 -20"><span class='ocrx_word' id='word_1_177' title='bbox 273 2462 405 2540; x_wconf 89' lang='lat' dir='ltr'><strong>pendicis</strong></span> <span class='ocrx_word' id='word_1_178' title='bbox 429 2464 494 2523; x_wconf 92' lang='lat' dir='ltr'><strong>loco</strong></span> <span class='ocrx_word' id='word_1_179' title='bbox 518 2466 614 2542; x_wconf 86' lang='lat' dir='ltr'><strong>posita</strong></span> <span class='ocrx_word' id='word_1_180' title='bbox 636 2465 695 2524; x_wconf 88' lang='lat' dir='ltr'><strong>iam</strong></span> <span class='ocrx_word' id='word_1_181' title='bbox 711 2464 748 2523; x_wconf 85' lang='lat' dir='ltr'><strong>do</strong></span> <span class='ocrx_word' id='word_1_182' title='bbox 765 2464 964 2523; x_wconf 84' lang='lat' dir='ltr'><strong>Wilamowita</strong></span> <span class='ocrx_word' id='word_1_183' title='bbox 981 2469 1173 2540; x_wconf 85' lang='lat' dir='ltr'><strong>cognoverat.</strong></span> <span class='ocrx_word' id='word_1_184' title='bbox 1206 2458 1415 2538; x_wconf 63' lang='lat'>§5123-127</span> 
     </span>
     <span class='ocr_line' id='line_1_22' title="bbox 272 2557 1418 2642; baseline -0.001 -19"><span class='ocrx_word' id='word_1_185' title='bbox 272 2560 345 2638; x_wconf 80' lang='grc' dir='ltr'>περὶ</span> <span class='ocrx_word' id='word_1_186' title='bbox 366 2562 560 2639; x_wconf 78' lang='grc' dir='ltr'>φιλοπονίας</span> <span class='ocrx_word' id='word_1_187' title='bbox 582 2567 692 2642; x_wconf 86' lang='lat' dir='ltr'><strong>agitur,</strong></span> <span class='ocrx_word' id='word_1_188' title='bbox 715 2561 735 2640; x_wconf 64' lang='grc' dir='ltr'><strong>ξ</strong></span> <span class='ocrx_word' id='word_1_189' title='bbox 761 2567 818 2624; x_wconf 88' lang='grc'><strong>123</strong></span> <span class='ocrx_word' id='word_1_190' title='bbox 843 2573 919 2626; x_wconf 81' lang='lat' dir='ltr'><strong>extr.</strong></span> <span class='ocrx_word' id='word_1_191' title='bbox 942 2560 995 2625; x_wconf 88' lang='grc' dir='ltr'>καί</span> <span class='ocrx_word' id='word_1_192' title='bbox 1018 2560 1077 2639; x_wconf 83' lang='grc' dir='ltr'><strong>τὰς</strong></span> <span class='ocrx_word' id='word_1_193' title='bbox 1102 2561 1159 2637; x_wconf 85' lang='grc' dir='ltr'><strong>μὲν</strong></span> <span class='ocrx_word' id='word_1_194' title='bbox 1182 2560 1305 2638; x_wconf 84' lang='grc' dir='ltr'>ἡδονὰς</span> <span class='ocrx_word' id='word_1_195' title='bbox 1331 2557 1418 2624; x_wconf 81' lang='grc' dir='ltr'>αὔξει</span> 
     </span>
     <span class='ocr_line' id='line_1_23' title="bbox 271 2659 1417 2740; baseline 0 -17"><span class='ocrx_word' id='word_1_196' title='bbox 271 2663 340 2739; x_wconf 86' lang='grc' dir='ltr'>τοῖς</span> <span class='ocrx_word' id='word_1_197' title='bbox 363 2659 478 2740; x_wconf 84' lang='grc' dir='ltr'>πόνοις</span> <span class='ocrx_word' id='word_1_198' title='bbox 503 2661 556 2727; x_wconf 83' lang='grc' dir='ltr'>καί</span> <span class='ocrx_word' id='word_1_199' title='bbox 579 2662 706 2740; x_wconf 85' lang='grc' dir='ltr'>μείζους</span> <span class='ocrx_word' id='word_1_200' title='bbox 729 2662 781 2726; x_wconf 82' lang='grc' dir='ltr'><strong>διὰ</strong></span> <span class='ocrx_word' id='word_1_201' title='bbox 803 2663 900 2726; x_wconf 81' lang='grc' dir='ltr'>τοῦτο</span> <span class='ocrx_word' id='word_1_202' title='bbox 924 2664 1111 2738; x_wconf 84' lang='grc' dir='ltr'>καρποῦται,</span> <span class='ocrx_word' id='word_1_203' title='bbox 1134 2661 1212 2738; x_wconf 87' lang='grc' dir='ltr'>τοὺς</span> <span class='ocrx_word' id='word_1_204' title='bbox 1235 2662 1271 2725; x_wconf 83' lang='grc' dir='ltr'><strong>δὲ</strong></span> <span class='ocrx_word' id='word_1_205' title='bbox 1294 2659 1417 2737; x_wconf 88' lang='grc' dir='ltr'>πόνους</span> 
     </span>
     <span class='ocr_line' id='line_1_24' title="bbox 274 2759 1418 2846; baseline -0.002 -21"><span class='ocrx_word' id='word_1_206' title='bbox 274 2761 490 2840; x_wconf 83' lang='grc' dir='ltr'>ἐπελαφρύνει</span> <span class='ocrx_word' id='word_1_207' title='bbox 511 2768 556 2846; x_wconf 86' lang='grc' dir='ltr'><strong>τῷ</strong></span> <span class='ocrx_word' id='word_1_208' title='bbox 585 2762 650 2828; x_wconf 80' lang='grc' dir='ltr'>ἔθει</span> <span class='ocrx_word' id='word_1_209' title='bbox 681 2767 881 2842; x_wconf 80' lang='lat' dir='ltr'><strong>comparaturi</strong></span> <span class='ocrx_word' id='word_1_210' title='bbox 904 2772 1004 2842; x_wconf 85' lang='lat' dir='ltr'><strong>potest</strong></span> <span class='ocrx_word' id='word_1_211' title='bbox 1027 2783 1092 2823; x_wconf 86' lang='lat' dir='ltr'><strong>cnm</strong></span> <span class='ocrx_word' id='word_1_212' title='bbox 1118 2765 1220 2823; x_wconf 88' lang='lat' dir='ltr'><strong>verbis</strong></span> <span class='ocrx_word' id='word_1_213' title='bbox 1243 2760 1261 2840; x_wconf 59' lang='grc' dir='ltr'>ᾗ</span> <span class='ocrx_word' id='word_1_214' title='bbox 1284 2764 1340 2823; x_wconf 85' lang='grc'><strong>83;</strong></span> <span class='ocrx_word' id='word_1_215' title='bbox 1373 2759 1418 2823; x_wconf 84' lang='grc' dir='ltr'><strong>ἔτι</strong></span> 
     </span>
     <span class='ocr_line' id='line_1_25' title="bbox 273 2860 1418 2941; baseline -0.002 -15"><span class='ocrx_word' id='word_1_216' title='bbox 273 2862 309 2926; x_wconf 81' lang='grc' dir='ltr'><strong>δὲ</strong></span> <span class='ocrx_word' id='word_1_217' title='bbox 331 2860 362 2925; x_wconf 88' lang='grc' dir='ltr'><strong>οἱ</strong></span> <span class='ocrx_word' id='word_1_218' title='bbox 386 2862 443 2939; x_wconf 82' lang='grc' dir='ltr'><strong>μὲν</strong></span> <span class='ocrx_word' id='word_1_219' title='bbox 464 2862 560 2926; x_wconf 86' lang='grc' dir='ltr'>πόνοι</span> <span class='ocrx_word' id='word_1_220' title='bbox 582 2862 701 2940; x_wconf 86' lang='grc' dir='ltr'>αὑτοὺς</span> <span class='ocrx_word' id='word_1_221' title='bbox 724 2861 881 2941; x_wconf 85' lang='grc' dir='ltr'>ἐλάττους</span> <span class='ocrx_word' id='word_1_222' title='bbox 904 2860 953 2925; x_wconf 86' lang='grc' dir='ltr'><strong>ἀεὶ</strong></span> <span class='ocrx_word' id='word_1_223' title='bbox 973 2864 1103 2926; x_wconf 83' lang='grc' dir='ltr'>ποιοῦσι</span> <span class='ocrx_word' id='word_1_224' title='bbox 1132 2861 1184 2924; x_wconf 87' lang='grc' dir='ltr'>καὶ</span> <span class='ocrx_word' id='word_1_225' title='bbox 1206 2861 1319 2940; x_wconf 88' lang='grc' dir='ltr'>φέρειν</span> <span class='ocrx_word' id='word_1_226' title='bbox 1347 2861 1418 2925; x_wconf 85' lang='grc' dir='ltr'>ἐλα-</span> 
     </span>
     <span class='ocr_line' id='line_1_26' title="bbox 272 2960 1420 3042; baseline -0.001 -17"><span class='ocrx_word' id='word_1_227' title='bbox 272 2961 464 3040; x_wconf 86' lang='grc' dir='ltr'>φροτέρους,</span> <span class='ocrx_word' id='word_1_228' title='bbox 497 2963 557 3042; x_wconf 87' lang='grc' dir='ltr'><strong>τὰς</strong></span> <span class='ocrx_word' id='word_1_229' title='bbox 590 2965 626 3027; x_wconf 78' lang='grc' dir='ltr'><strong>δὲ</strong></span> <span class='ocrx_word' id='word_1_230' title='bbox 655 2960 777 3042; x_wconf 84' lang='grc' dir='ltr'>ἡδονὰς</span> <span class='ocrx_word' id='word_1_231' title='bbox 811 2963 939 3042; x_wconf 85' lang='grc' dir='ltr'>μείζους</span> <span class='ocrx_word' id='word_1_232' title='bbox 970 2963 1022 3026; x_wconf 89' lang='grc' dir='ltr'>καὶ</span> <span class='ocrx_word' id='word_1_233' title='bbox 1054 2960 1304 3042; x_wconf 79' lang='grc' dir='ltr'>ἀβλαβεστέρας,</span> <span class='ocrx_word' id='word_1_234' title='bbox 1339 2961 1420 3026; x_wconf 87' lang='grc' dir='ltr'>ὅταν</span> 
     </span>
     <span class='ocr_line' id='line_1_27' title="bbox 247 3063 1419 3148; baseline 0.003 -26"><span class='ocrx_word' id='word_1_235' title='bbox 247 3063 441 3139; x_wconf 85' lang='grc' dir='ltr'>,γίγνωνται</span> <span class='ocrx_word' id='word_1_236' title='bbox 476 3065 555 3142; x_wconf 87' lang='grc' dir='ltr'>μετὰ</span> <span class='ocrx_word' id='word_1_237' title='bbox 587 3065 665 3144; x_wconf 86' lang='grc' dir='ltr'>τοὺς</span> <span class='ocrx_word' id='word_1_238' title='bbox 697 3063 829 3143; x_wconf 87' lang='grc' dir='ltr'>πόνους.</span> <span class='ocrx_word' id='word_1_239' title='bbox 874 3070 975 3148; x_wconf 85' lang='lat' dir='ltr'><strong>ltaque</strong></span> <span class='ocrx_word' id='word_1_240' title='bbox 1001 3064 1040 3144; x_wconf 61' lang='grc' dir='ltr'><strong>ἐξ</strong></span> <span class='ocrx_word' id='word_1_241' title='bbox 1067 3069 1229 3127; x_wconf 82' lang='grc'><strong>123-127</strong></span> <span class='ocrx_word' id='word_1_242' title='bbox 1257 3075 1287 3126; x_wconf 89' lang='lat' dir='ltr'><strong>et</strong></span> <span class='ocrx_word' id='word_1_243' title='bbox 1309 3075 1419 3126; x_wconf 86' lang='lat' dir='ltr'><strong>retrac-</strong></span> 
     </span>
     <span class='ocr_line' id='line_1_28' title="bbox 272 3169 1094 3249; baseline 0.009 -23"><span class='ocrx_word' id='word_1_244' title='bbox 272 3173 372 3232; x_wconf 86' lang='lat' dir='ltr'><strong>tantur</strong></span> <span class='ocrx_word' id='word_1_245' title='bbox 395 3175 425 3227; x_wconf 87' lang='lat' dir='ltr'><strong>ct</strong></span> <span class='ocrx_word' id='word_1_246' title='bbox 447 3169 675 3247; x_wconf 83' lang='lat' dir='ltr'><strong>amplificantur,</strong></span> <span class='ocrx_word' id='word_1_247' title='bbox 698 3191 775 3249; x_wconf 88' lang='lat' dir='ltr'><strong>quae</strong></span> <span class='ocrx_word' id='word_1_248' title='bbox 797 3173 813 3242; x_wconf 71' lang='grc' dir='ltr'>ἓ</span> <span class='ocrx_word' id='word_1_249' title='bbox 836 3173 876 3230; x_wconf 85' lang='grc'><strong>83</strong></span> <span class='ocrx_word' id='word_1_250' title='bbox 898 3171 980 3231; x_wconf 82' lang='lat' dir='ltr'><strong>diota</strong></span> <span class='ocrx_word' id='word_1_251' title='bbox 1002 3179 1094 3233; x_wconf 86' lang='lat' dir='ltr'><strong>orant.</strong></span> 
     </span>
    </p>

    <p class='ocr_par' dir='ltr' id='par_1_6' title="bbox 273 3264 1422 4354">
     <span class='ocr_line' id='line_1_29' title="bbox 374 3264 1420 3350; baseline -0.004 -20"><span class='ocrx_word' id='word_1_252' title='bbox 374 3268 432 3330; x_wconf 85' lang='lat' dir='ltr'><strong>Sed</strong></span> <span class='ocrx_word' id='word_1_253' title='bbox 458 3290 517 3330; x_wconf 88' lang='lat' dir='ltr'><strong>una</strong></span> <span class='ocrx_word' id='word_1_254' title='bbox 543 3291 591 3330; x_wconf 88' lang='lat' dir='ltr'><strong>ros</strong></span> <span class='ocrx_word' id='word_1_255' title='bbox 620 3274 710 3331; x_wconf 87' lang='lat' dir='ltr'><strong>ctiam</strong></span> <span class='ocrx_word' id='word_1_256' title='bbox 736 3274 933 3350; x_wconf 89' lang='lat' dir='ltr'><strong>suspicionem</strong></span> <span class='ocrx_word' id='word_1_257' title='bbox 957 3278 1067 3332; x_wconf 89' lang='lat' dir='ltr'><strong>movet.</strong></span> <span class='ocrx_word' id='word_1_258' title='bbox 1110 3264 1149 3346; x_wconf 64' lang='grc' dir='ltr'><strong>ἐξ</strong></span> <span class='ocrx_word' id='word_1_259' title='bbox 1174 3271 1233 3329; x_wconf 88' lang='grc'><strong>123</strong></span> <span class='ocrx_word' id='word_1_260' title='bbox 1257 3290 1301 3347; x_wconf 94' lang='lat' dir='ltr'><strong>sq.</strong></span> <span class='ocrx_word' id='word_1_261' title='bbox 1319 3271 1420 3344; x_wconf 86' lang='lat' dir='ltr'><strong>magis</strong></span> 
     </span>
     <span class='ocr_line' id='line_1_30' title="bbox 274 3371 1419 3449; baseline 0 -21"><span class='ocrx_word' id='word_1_262' title='bbox 274 3389 360 3447; x_wconf 85' lang='lat' dir='ltr'><strong>quam</strong></span> <span class='ocrx_word' id='word_1_263' title='bbox 384 3371 546 3446; x_wconf 86' lang='lat' dir='ltr'><strong>pleraeque</strong></span> <span class='ocrx_word' id='word_1_264' title='bbox 571 3373 714 3431; x_wconf 86' lang='lat' dir='ltr'><strong>orationis</strong></span> <span class='ocrx_word' id='word_1_265' title='bbox 737 3381 837 3448; x_wconf 88' lang='lat' dir='ltr'><strong>partes</strong></span> <span class='ocrx_word' id='word_1_266' title='bbox 861 3391 1025 3431; x_wconf 88' lang='lat' dir='ltr'><strong>sermonem</strong></span> <span class='ocrx_word' id='word_1_267' title='bbox 1051 3371 1308 3449; x_wconf 85' lang='lat' dir='ltr'><strong>philosophorum,</strong></span> <span class='ocrx_word' id='word_1_268' title='bbox 1331 3377 1419 3447; x_wconf 88' lang='lat' dir='ltr'><strong>atqua</strong></span> 
     </span>
     <span class='ocr_line' id='line_1_31' title="bbox 273 3472 1420 3550; baseline 0.003 -24"><span class='ocrx_word' id='word_1_269' title='bbox 273 3487 349 3543; x_wconf 88' lang='lat' dir='ltr'><strong>eum,</strong></span> <span class='ocrx_word' id='word_1_270' title='bbox 372 3475 406 3527; x_wconf 91' lang='lat' dir='ltr'><strong>ut</strong></span> <span class='ocrx_word' id='word_1_271' title='bbox 428 3478 534 3545; x_wconf 88' lang='lat' dir='ltr'><strong>postea</strong></span> <span class='ocrx_word' id='word_1_272' title='bbox 555 3473 738 3540; x_wconf 86' lang='lat' dir='ltr'><strong>videbimus,</strong></span> <span class='ocrx_word' id='word_1_273' title='bbox 760 3473 929 3534; x_wconf 87' lang='lat' dir='ltr'><strong>Stoicorum</strong></span> <span class='ocrx_word' id='word_1_274' title='bbox 953 3475 1082 3550; x_wconf 88' lang='lat' dir='ltr'><strong>sapiunt.</strong></span> <span class='ocrx_word' id='word_1_275' title='bbox 1127 3473 1269 3531; x_wconf 84' lang='lat' dir='ltr'><strong>Fortasse</strong></span> <span class='ocrx_word' id='word_1_276' title='bbox 1290 3472 1420 3530; x_wconf 86' lang='lat' dir='ltr'><strong>dubitari</strong></span> 
     </span>
     <span class='ocr_line' id='line_1_32' title="bbox 273 3573 1422 3653; baseline 0.003 -25"><span class='ocrx_word' id='word_1_277' title='bbox 273 3575 381 3644; x_wconf 89' lang='lat' dir='ltr'><strong>potest,</strong></span> <span class='ocrx_word' id='word_1_278' title='bbox 405 3589 474 3628; x_wconf 90' lang='lat' dir='ltr'><strong>num</strong></span> <span class='ocrx_word' id='word_1_279' title='bbox 489 3576 604 3631; x_wconf 82' lang='lat' dir='ltr'><strong>tantum</strong></span> <span class='ocrx_word' id='word_1_280' title='bbox 622 3573 727 3632; x_wconf 90' lang='lat' dir='ltr'><strong>Dionis</strong></span> <span class='ocrx_word' id='word_1_281' title='bbox 743 3575 951 3650; x_wconf 81' lang='lat' dir='ltr'><strong>neglegentiae</strong></span> <span class='ocrx_word' id='word_1_282' title='bbox 975 3574 1067 3633; x_wconf 87' lang='lat' dir='ltr'><strong>tribui</strong></span> <span class='ocrx_word' id='word_1_283' title='bbox 1084 3574 1187 3650; x_wconf 87' lang='lat' dir='ltr'><strong>possit,</strong></span> <span class='ocrx_word' id='word_1_284' title='bbox 1211 3579 1243 3630; x_wconf 92' lang='lat' dir='ltr'><strong>ut</strong></span> <span class='ocrx_word' id='word_1_285' title='bbox 1266 3573 1422 3653; x_wconf 87' lang='lat' dir='ltr'><strong>scripserit</strong></span> 
     </span>
     <span class='ocr_line' id='line_1_33' title="bbox 273 3665 1420 3752; baseline 0.003 -24"><span class='ocrx_word' id='word_1_286' title='bbox 273 3665 355 3742; x_wconf 76' lang='lat'><strong>§91</strong></span> <span class='ocrx_word' id='word_1_287' title='bbox 378 3670 479 3739; x_wconf 88' lang='lat' dir='ltr'><strong>multa,</strong></span> <span class='ocrx_word' id='word_1_288' title='bbox 508 3691 584 3749; x_wconf 88' lang='lat' dir='ltr'><strong>quae</strong></span> <span class='ocrx_word' id='word_1_289' title='bbox 609 3674 696 3733; x_wconf 89' lang='lat' dir='ltr'><strong>utilia</strong></span> <span class='ocrx_word' id='word_1_290' title='bbox 724 3677 793 3742; x_wconf 87' lang='lat' dir='ltr'><strong>sint,</strong></span> <span class='ocrx_word' id='word_1_291' title='bbox 827 3695 883 3733; x_wconf 90' lang='lat' dir='ltr'><strong>nou</strong></span> <span class='ocrx_word' id='word_1_292' title='bbox 912 3695 974 3734; x_wconf 86' lang='lat' dir='ltr'><strong>csse</strong></span> <span class='ocrx_word' id='word_1_293' title='bbox 1010 3675 1143 3748; x_wconf 84' lang='lat' dir='ltr'><strong>incunda,</strong></span> <span class='ocrx_word' id='word_1_294' title='bbox 1178 3670 1253 3752; x_wconf 83' lang='lat' dir='ltr'><strong>quae</strong></span> <span class='ocrx_word' id='word_1_295' title='bbox 1285 3675 1420 3744; x_wconf 84' lang='lat' dir='ltr'><strong>iucunda,</strong></span> 
     </span>
     <span class='ocr_line' id='line_1_34' title="bbox 273 3768 1421 3849; baseline 0.007 -23"><span class='ocrx_word' id='word_1_296' title='bbox 273 3788 331 3827; x_wconf 90' lang='lat' dir='ltr'><strong>non</strong></span> <span class='ocrx_word' id='word_1_297' title='bbox 355 3771 441 3828; x_wconf 88' lang='lat' dir='ltr'><strong>utilia</strong></span> <span class='ocrx_word' id='word_1_298' title='bbox 473 3770 638 3846; x_wconf 76' lang='lat' dir='ltr'><strong>ct.§124:</strong></span> <span class='ocrx_word' id='word_1_299' title='bbox 672 3770 774 3833; x_wconf 84' lang='grc' dir='ltr'><strong>ταύτὰ</strong></span> <span class='ocrx_word' id='word_1_300' title='bbox 804 3772 839 3835; x_wconf 84' lang='grc' dir='ltr'><strong>δὲ</strong></span> <span class='ocrx_word' id='word_1_301' title='bbox 867 3770 989 3847; x_wconf 85' lang='grc' dir='ltr'>ἡγεῖται</span> <span class='ocrx_word' id='word_1_302' title='bbox 1015 3770 1226 3849; x_wconf 86' lang='grc' dir='ltr'>συμφέροντα</span> <span class='ocrx_word' id='word_1_303' title='bbox 1259 3771 1311 3833; x_wconf 85' lang='grc' dir='ltr'>καὶ</span> <span class='ocrx_word' id='word_1_304' title='bbox 1333 3768 1421 3846; x_wconf 85' lang='grc' dir='ltr'>ἡδέα.</span> 
     </span>
     <span class='ocr_line' id='line_1_35' title="bbox 274 3869 1419 3953; baseline 0.009 -24"><span class='ocrx_word' id='word_1_305' title='bbox 274 3869 402 3938; x_wconf 72' lang='lat' dir='ltr'><strong>Quodsi</strong></span> <span class='ocrx_word' id='word_1_306' title='bbox 425 3875 554 3950; x_wconf 86' lang='lat' dir='ltr'><strong>negaris,</strong></span> <span class='ocrx_word' id='word_1_307' title='bbox 577 3894 634 3934; x_wconf 89' lang='lat' dir='ltr'><strong>non</strong></span> <span class='ocrx_word' id='word_1_308' title='bbox 659 3876 732 3934; x_wconf 85' lang='lat' dir='ltr'><strong>satis</strong></span> <span class='ocrx_word' id='word_1_309' title='bbox 754 3874 866 3934; x_wconf 87' lang='lat' dir='ltr'><strong>habere</strong></span> <span class='ocrx_word' id='word_1_310' title='bbox 890 3895 936 3934; x_wconf 86' lang='lat' dir='ltr'><strong>me</strong></span> <span class='ocrx_word' id='word_1_311' title='bbox 959 3876 1064 3953; x_wconf 87' lang='lat' dir='ltr'><strong>fateor,</strong></span> <span class='ocrx_word' id='word_1_312' title='bbox 1087 3876 1165 3953; x_wconf 90' lang='lat' dir='ltr'><strong>quod</strong></span> <span class='ocrx_word' id='word_1_313' title='bbox 1189 3883 1291 3936; x_wconf 88' lang='lat' dir='ltr'><strong>contra</strong></span> <span class='ocrx_word' id='word_1_314' title='bbox 1314 3876 1419 3939; x_wconf 88' lang='lat' dir='ltr'><strong>dicam.</strong></span> 
     </span>
     <span class='ocr_line' id='line_1_36' title="bbox 273 3969 1421 4053; baseline 0.006 -25"><span class='ocrx_word' id='word_1_315' title='bbox 273 3969 399 4030; x_wconf 87' lang='lat' dir='ltr'><strong>Tantum</strong></span> <span class='ocrx_word' id='word_1_316' title='bbox 423 3992 525 4034; x_wconf 92' lang='lat' dir='ltr'><strong>moneo</strong></span> <span class='ocrx_word' id='word_1_317' title='bbox 548 3982 579 4033; x_wconf 88' lang='lat' dir='ltr'><strong>et</strong></span> <span class='ocrx_word' id='word_1_318' title='bbox 602 3970 620 4051; x_wconf 59' lang='grc' dir='ltr'>ᾗ</span> <span class='ocrx_word' id='word_1_319' title='bbox 644 3978 680 4034; x_wconf 89' lang='grc'><strong>91</strong></span> <span class='ocrx_word' id='word_1_320' title='bbox 706 3977 763 4034; x_wconf 88' lang='lat' dir='ltr'><strong>iam</strong></span> <span class='ocrx_word' id='word_1_321' title='bbox 787 3977 923 4050; x_wconf 86' lang='lat' dir='ltr'><strong>mitigata</strong></span> <span class='ocrx_word' id='word_1_322' title='bbox 952 3995 1025 4047; x_wconf 84' lang='lat' dir='ltr'><strong>csse,</strong></span> <span class='ocrx_word' id='word_1_323' title='bbox 1060 3972 1421 4053; x_wconf 75' lang='lat' dir='ltr'><strong>qnaeac1·ius§90di·</strong></span> 
     </span>
     <span class='ocr_line' id='line_1_37' title="bbox 273 4067 1421 4154; baseline 0.003 -24"><span class='ocrx_word' id='word_1_324' title='bbox 273 4073 354 4132; x_wconf 84' lang='lat' dir='ltr'><strong>xerit</strong></span> <span class='ocrx_word' id='word_1_325' title='bbox 373 4067 415 4153; x_wconf 89' lang='lat' dir='ltr'><strong>(v.</strong></span> <span class='ocrx_word' id='word_1_326' title='bbox 440 4092 532 4148; x_wconf 85' lang='lat' dir='ltr'><strong>supra</strong></span> <span class='ocrx_word' id='word_1_327' title='bbox 553 4095 582 4152; x_wconf 88' lang='lat' dir='ltr'><strong>p.</strong></span> <span class='ocrx_word' id='word_1_328' title='bbox 610 4077 660 4147; x_wconf 85' lang='lat'><strong>13)</strong></span> <span class='ocrx_word' id='word_1_329' title='bbox 683 4079 751 4147; x_wconf 79' lang='lat' dir='ltr'><strong>et§</strong></span> <span class='ocrx_word' id='word_1_330' title='bbox 780 4079 817 4135; x_wconf 90' lang='grc'><strong>91</strong></span> <span class='ocrx_word' id='word_1_331' title='bbox 850 4095 897 4135; x_wconf 89' lang='lat' dir='ltr'><strong>res</strong></span> <span class='ocrx_word' id='word_1_332' title='bbox 928 4084 1080 4136; x_wconf 83' lang='lat' dir='ltr'><strong>concretas</strong></span> <span class='ocrx_word' id='word_1_333' title='bbox 1103 4079 1201 4154; x_wconf 87' lang='lat' dir='ltr'><strong>potius</strong></span> <span class='ocrx_word' id='word_1_334' title='bbox 1225 4071 1325 4152; x_wconf 74' lang='lat' dir='ltr'><strong>agi,§</strong></span> <span class='ocrx_word' id='word_1_335' title='bbox 1361 4077 1421 4134; x_wconf 81' lang='lat'><strong>124</strong></span> 
     </span>
     <span class='ocr_line' id='line_1_38' title="bbox 274 4172 1419 4253; baseline 0.003 -20"><span class='ocrx_word' id='word_1_336' title='bbox 274 4174 448 4235; x_wconf 84' lang='lat' dir='ltr'><strong>abstractas.</strong></span> <span class='ocrx_word' id='word_1_337' title='bbox 476 4207 511 4216; x_wconf 93' lang='lat'>—</span> <span class='ocrx_word' id='word_1_338' title='bbox 536 4177 603 4235; x_wconf 89' lang='lat' dir='ltr'><strong>Non</strong></span> <span class='ocrx_word' id='word_1_339' title='bbox 626 4185 723 4236; x_wconf 88' lang='lat' dir='ltr'><strong>tamon</strong></span> <span class='ocrx_word' id='word_1_340' title='bbox 746 4179 824 4237; x_wconf 83' lang='lat' dir='ltr'><strong>inter</strong></span> <span class='ocrx_word' id='word_1_341' title='bbox 848 4197 880 4236; x_wconf 92' lang='lat' dir='ltr'><strong>se</strong></span> <span class='ocrx_word' id='word_1_342' title='bbox 903 4179 1053 4238; x_wconf 89' lang='lat' dir='ltr'><strong>contraria</strong></span> <span class='ocrx_word' id='word_1_343' title='bbox 1076 4184 1144 4236; x_wconf 86' lang='lat' dir='ltr'><strong>aunt</strong></span> <span class='ocrx_word' id='word_1_344' title='bbox 1166 4172 1183 4253; x_wconf 82' lang='lat'><strong>§</strong></span> <span class='ocrx_word' id='word_1_345' title='bbox 1206 4179 1265 4235; x_wconf 80' lang='lat'><strong>58:</strong></span> <span class='ocrx_word' id='word_1_346' title='bbox 1289 4172 1341 4236; x_wconf 85' lang='grc' dir='ltr'>καὶ</span> <span class='ocrx_word' id='word_1_347' title='bbox 1356 4172 1419 4237; x_wconf 90' lang='grc' dir='ltr'>τοί-</span> 
     </span>
     <span class='ocr_line' id='line_1_39' title="bbox 273 4271 1416 4354; baseline 0.002 -20"><span class='ocrx_word' id='word_1_348' title='bbox 273 4290 332 4334; x_wconf 94' lang='grc' dir='ltr'><strong>νυν</strong></span> <span class='ocrx_word' id='word_1_349' title='bbox 353 4271 412 4351; x_wconf 85' lang='grc' dir='ltr'><strong>τήν</strong></span> <span class='ocrx_word' id='word_1_350' title='bbox 441 4274 498 4351; x_wconf 87' lang='grc' dir='ltr'><strong>μὲν</strong></span> <span class='ocrx_word' id='word_1_351' title='bbox 527 4273 677 4352; x_wconf 80' lang='grc' dir='ltr'>ἀνδρείαν</span> <span class='ocrx_word' id='word_1_352' title='bbox 701 4321 708 4336; x_wconf 93' lang='grc'><strong>.</strong></span> <span class='ocrx_word' id='word_1_353' title='bbox 732 4323 739 4339; x_wconf 88' lang='grc'><strong>.</strong></span> <span class='ocrx_word' id='word_1_354' title='bbox 761 4324 768 4338; x_wconf 90' lang='grc'><strong>.</strong></span> <span class='ocrx_word' id='word_1_355' title='bbox 792 4272 1008 4354; x_wconf 86' lang='grc' dir='ltr'>ἀναγκαίας</span> <span class='ocrx_word' id='word_1_356' title='bbox 1039 4274 1155 4351; x_wconf 85' lang='grc' dir='ltr'>νομίζει</span> <span class='ocrx_word' id='word_1_357' title='bbox 1177 4273 1318 4352; x_wconf 85' lang='grc' dir='ltr'>καὶτοῖς</span> <span class='ocrx_word' id='word_1_358' title='bbox 1343 4272 1416 4352; x_wconf 91' lang='grc' dir='ltr'>ἀμε-</span> 
     </span>
    </p>
   </div>
   <div class='ocr_carea' id='block_1_3' title="bbox 0 0 1658 5024">
    <p class='ocr_par' dir='ltr' id='par_1_7' title="bbox 0 0 1658 5024">
     <span class='ocr_line' id='line_1_40' title="bbox 0 0 1658 5024; baseline 0 0"><span class='ocrx_word' id='word_1_359' title='bbox 0 0 1658 5024; x_wconf 95' lang='lat' dir='ltr'><strong> </strong></span> 
     </span>
    </p>
   </div>
  </div>
 </body>
</html>
