<?xml version="1.0" encoding="UTF-8"?>
<!DOCTYPE html PUBLIC "-//W3C//DTD XHTML 1.0 Transitional//EN"
    "http://www.w3.org/TR/xhtml1/DTD/xhtml1-transitional.dtd">
<html xmlns="http://www.w3.org/1999/xhtml" xml:lang="en" lang="en">
 <head>
  <title>
</title>
<meta http-equiv="Content-Type" content="text/html;charset=utf-8" />
  <meta name='ocr-system' content='tesseract 3.04.00' />
  <meta name='ocr-capabilities' content='ocr_page ocr_carea ocr_par ocr_line ocrx_word'/>
</head>
<body>
  <div class='ocr_page' id='page_1' title='image "./dedionischrysos00fiscgoog_0035.png"; bbox 0 0 3298 5024; ppageno 0'>
   <div class='ocr_carea' id='block_1_1' title="bbox 795 371 838 440">
    <p class='ocr_par' dir='ltr' id='par_1_1' title="bbox 795 371 838 440">
     <span class='ocr_line' id='line_1_1' title="bbox 795 371 838 440; baseline 0 0"><span class='ocrx_word' id='word_1_1' title='bbox 795 371 838 440; x_wconf 79' lang='grc'>28·</span> 
     </span>
    </p>
   </div>
   <div class='ocr_carea' id='block_1_2' title="bbox 163 557 1468 3872">
    <p class='ocr_par' dir='ltr' id='par_1_2' title="bbox 244 557 1392 743">
     <span class='ocr_line' id='line_1_2' title="bbox 244 557 1392 644; baseline 0.005 -20"><span class='ocrx_word' id='word_1_2' title='bbox 244 557 475 644; x_wconf 59' lang='lat' dir='ltr'>attauhu.</span> <span class='ocrx_word' id='word_1_3' title='bbox 497 585 539 626; x_wconf 92' lang='lat' dir='ltr'>or.</span> <span class='ocrx_word' id='word_1_4' title='bbox 563 558 880 643; x_wconf 67' lang='lat' dir='ltr'>Lxxvuluxxvnl</span> <span class='ocrx_word' id='word_1_5' title='bbox 897 567 912 638; x_wconf 63' lang='grc' dir='ltr'>ᾗ</span> <span class='ocrx_word' id='word_1_6' title='bbox 930 570 985 637; x_wconf 67' lang='lat' dir='ltr'>lo,</span> <span class='ocrx_word' id='word_1_7' title='bbox 1005 571 1132 628; x_wconf 88' lang='lat' dir='ltr'>ceterum</span> <span class='ocrx_word' id='word_1_8' title='bbox 1160 560 1247 628; x_wconf 87' lang='lat' dir='ltr'>etiam</span> <span class='ocrx_word' id='word_1_9' title='bbox 1272 561 1392 630; x_wconf 78' lang='lat' dir='ltr'>Platon.—</span> 
     </span>
     <span class='ocr_line' id='line_1_3' title="bbox 245 661 525 743; baseline -0.007 -17"><span class='ocrx_word' id='word_1_10' title='bbox 245 665 356 728; x_wconf 83' lang='lat' dir='ltr'>Criton.</span> <span class='ocrx_word' id='word_1_11' title='bbox 378 685 405 743; x_wconf 89' lang='lat' dir='ltr'>p.</span> <span class='ocrx_word' id='word_1_12' title='bbox 428 661 525 725; x_wconf 81' lang='lat'>490¹.</span> 
     </span>
    </p>

    <p class='ocr_par' dir='ltr' id='par_1_3' title="bbox 182 767 1389 1653">
     <span class='ocr_line' id='line_1_4' title="bbox 343 767 1388 846; baseline 0.008 -20"><span class='ocrx_word' id='word_1_13' title='bbox 343 768 486 826; x_wconf 78' lang='lat' dir='ltr'>Secuntur</span> <span class='ocrx_word' id='word_1_14' title='bbox 516 769 592 845; x_wconf 90' lang='lat' dir='ltr'>apud</span> <span class='ocrx_word' id='word_1_15' title='bbox 623 768 770 828; x_wconf 87' lang='lat' dir='ltr'>Iulianum</span> <span class='ocrx_word' id='word_1_16' title='bbox 801 790 829 846; x_wconf 91' lang='lat' dir='ltr'>p.</span> <span class='ocrx_word' id='word_1_17' title='bbox 855 773 921 828; x_wconf 76' lang='lat'>790</span> <span class='ocrx_word' id='word_1_18' title='bbox 952 767 1062 830; x_wconf 85' lang='lat' dir='ltr'>verba:</span> <span class='ocrx_word' id='word_1_19' title='bbox 1097 768 1207 833; x_wconf 79' lang='grc' dir='ltr'>ἕπεται</span> <span class='ocrx_word' id='word_1_20' title='bbox 1229 771 1265 833; x_wconf 84' lang='grc' dir='ltr'>δὲ</span> <span class='ocrx_word' id='word_1_21' title='bbox 1289 769 1388 834; x_wconf 80' lang='grc' dir='ltr'>αὐτοῦ</span> 
     </span>
     <span class='ocr_line' id='line_1_5' title="bbox 182 863 1389 950; baseline 0.009 -25"><span class='ocrx_word' id='word_1_22' title='bbox 182 863 183 866; x_wconf 69' lang='grc'>’</span> <span class='ocrx_word' id='word_1_23' title='bbox 244 865 321 942; x_wconf 88' lang='lat' dir='ltr'>(scil.</span> <span class='ocrx_word' id='word_1_24' title='bbox 336 864 542 943; x_wconf 87' lang='grc' dir='ltr'>Σωκράτους)</span> <span class='ocrx_word' id='word_1_25' title='bbox 565 871 603 948; x_wconf 87' lang='grc' dir='ltr'>τῇ</span> <span class='ocrx_word' id='word_1_26' title='bbox 627 867 727 944; x_wconf 90' lang='grc' dir='ltr'>κρίσει</span> <span class='ocrx_word' id='word_1_27' title='bbox 743 871 860 946; x_wconf 88' lang='grc' dir='ltr'>σοφῶν</span> <span class='ocrx_word' id='word_1_28' title='bbox 884 867 1012 946; x_wconf 83' lang='grc' dir='ltr'>ἀνδρῶν</span> <span class='ocrx_word' id='word_1_29' title='bbox 1035 872 1136 948; x_wconf 81' lang='grc' dir='ltr'>δῆμος</span> <span class='ocrx_word' id='word_1_30' title='bbox 1160 869 1276 948; x_wconf 84' lang='grc' dir='ltr'>ἀρετὴν</span> <span class='ocrx_word' id='word_1_31' title='bbox 1300 877 1389 950; x_wconf 87' lang='grc' dir='ltr'>θερα-</span> 
     </span>
     <span class='ocr_line' id='line_1_6' title="bbox 243 964 1388 1053; baseline 0.006 -26"><span class='ocrx_word' id='word_1_32' title='bbox 243 964 408 1041; x_wconf 84' lang='grc' dir='ltr'>πεύοντες,</span> <span class='ocrx_word' id='word_1_33' title='bbox 433 968 585 1028; x_wconf 89' lang='lat' dir='ltr'>simillima</span> <span class='ocrx_word' id='word_1_34' title='bbox 607 970 655 1047; x_wconf 84' lang='lat' dir='ltr'>iis,</span> <span class='ocrx_word' id='word_1_35' title='bbox 680 973 788 1048; x_wconf 92' lang='lat' dir='ltr'>quibus</span> <span class='ocrx_word' id='word_1_36' title='bbox 812 973 889 1048; x_wconf 91' lang='lat' dir='ltr'>apud</span> <span class='ocrx_word' id='word_1_37' title='bbox 915 974 1038 1032; x_wconf 88' lang='lat' dir='ltr'>Dionem</span> <span class='ocrx_word' id='word_1_38' title='bbox 1064 973 1103 1030; x_wconf 92' lang='lat' dir='ltr'>lll</span> <span class='ocrx_word' id='word_1_39' title='bbox 1128 977 1167 1032; x_wconf 81' lang='grc'>42</span> <span class='ocrx_word' id='word_1_40' title='bbox 1192 975 1292 1033; x_wconf 87' lang='lat' dir='ltr'>eadem</span> <span class='ocrx_word' id='word_1_41' title='bbox 1319 997 1388 1053; x_wconf 87' lang='lat' dir='ltr'>pars</span> 
     </span>
     <span class='ocr_line' id='line_1_7' title="bbox 243 1065 1388 1158; baseline 0.01 -32"><span class='ocrx_word' id='word_1_42' title='bbox 243 1069 358 1128; x_wconf 86' lang='lat' dir='ltr'>finitur:</span> <span class='ocrx_word' id='word_1_43' title='bbox 383 1065 479 1145; x_wconf 90' lang='grc' dir='ltr'>ὅμοια</span> <span class='ocrx_word' id='word_1_44' title='bbox 501 1069 537 1131; x_wconf 80' lang='grc' dir='ltr'>δὲ</span> <span class='ocrx_word' id='word_1_45' title='bbox 561 1067 705 1146; x_wconf 85' lang='grc' dir='ltr'>εἰρήκασι</span> <span class='ocrx_word' id='word_1_46' title='bbox 721 1069 793 1146; x_wconf 82' lang='grc' dir='ltr'>περὶ</span> <span class='ocrx_word' id='word_1_47' title='bbox 815 1067 917 1148; x_wconf 86' lang='grc' dir='ltr'>ἀρχῆς</span> <span class='ocrx_word' id='word_1_48' title='bbox 940 1072 992 1134; x_wconf 92' lang='grc' dir='ltr'>καὶ</span> <span class='ocrx_word' id='word_1_49' title='bbox 1008 1071 1172 1149; x_wconf 81' lang='grc' dir='ltr'>βασιλείας</span> <span class='ocrx_word' id='word_1_50' title='bbox 1195 1071 1224 1135; x_wconf 85' lang='lat' dir='ltr'>ci</span> <span class='ocrx_word' id='word_1_51' title='bbox 1243 1079 1313 1158; x_wconf 81' lang='grc' dir='ltr'>’μετ’</span> <span class='ocrx_word' id='word_1_52' title='bbox 1334 1072 1388 1143; x_wconf 87' lang='grc' dir='ltr'>αὐ-</span> 
     </span>
     <span class='ocr_line' id='line_1_8' title="bbox 242 1163 1387 1256; baseline 0.007 -28"><span class='ocrx_word' id='word_1_53' title='bbox 242 1166 299 1230; x_wconf 90' lang='grc' dir='ltr'>τὸν</span> <span class='ocrx_word' id='word_1_54' title='bbox 331 1165 377 1244; x_wconf 84' lang='grc' dir='ltr'>ὡς</span> <span class='ocrx_word' id='word_1_55' title='bbox 411 1163 482 1230; x_wconf 77' lang='grc' dir='ltr'>οἷόν</span> <span class='ocrx_word' id='word_1_56' title='bbox 515 1187 549 1230; x_wconf 94' lang='grc' dir='ltr'>τε</span> <span class='ocrx_word' id='word_1_57' title='bbox 573 1167 723 1245; x_wconf 88' lang='grc' dir='ltr'>ἑπόμενοι</span> <span class='ocrx_word' id='word_1_58' title='bbox 746 1175 784 1252; x_wconf 83' lang='grc' dir='ltr'>τῇ</span> <span class='ocrx_word' id='word_1_59' title='bbox 806 1169 984 1253; x_wconf 83' lang='grc' dir='ltr'>σοφωτάτῃ</span> <span class='ocrx_word' id='word_1_60' title='bbox 1008 1173 1127 1256; x_wconf 85' lang='grc' dir='ltr'>γνώμῃ.</span> <span class='ocrx_word' id='word_1_61' title='bbox 1166 1177 1208 1238; x_wconf 83' lang='lat' dir='ltr'>Cf.</span> <span class='ocrx_word' id='word_1_62' title='bbox 1232 1180 1320 1237; x_wconf 83' lang='lat' dir='ltr'>etiam</span> <span class='ocrx_word' id='word_1_63' title='bbox 1339 1179 1387 1236; x_wconf 89' lang='lat' dir='ltr'>Iu·</span> 
     </span>
     <span class='ocr_line' id='line_1_9' title="bbox 241 1272 1387 1357; baseline 0.007 -27"><span class='ocrx_word' id='word_1_64' title='bbox 241 1272 311 1346; x_wconf 86' lang='lat' dir='ltr'>lian.</span> <span class='ocrx_word' id='word_1_65' title='bbox 335 1293 363 1349; x_wconf 89' lang='lat' dir='ltr'>p.</span> <span class='ocrx_word' id='word_1_66' title='bbox 380 1273 453 1330; x_wconf 83' lang='grc' dir='ltr'>8οο</span> <span class='ocrx_word' id='word_1_67' title='bbox 476 1281 506 1332; x_wconf 88' lang='lat' dir='ltr'>et</span> <span class='ocrx_word' id='word_1_68' title='bbox 531 1273 614 1332; x_wconf 87' lang='lat' dir='ltr'>Dion.</span> <span class='ocrx_word' id='word_1_69' title='bbox 638 1273 649 1344; x_wconf 89' lang='grc'><strong>1</strong></span> <span class='ocrx_word' id='word_1_70' title='bbox 677 1277 723 1331; x_wconf 88' lang='grc'><strong>14.</strong></span> <span class='ocrx_word' id='word_1_71' title='bbox 761 1273 835 1332; x_wconf 72' lang='lat' dir='ltr'>sed</span> <span class='ocrx_word' id='word_1_72' title='bbox 858 1293 923 1332; x_wconf 93' lang='lat' dir='ltr'>cum</span> <span class='ocrx_word' id='word_1_73' title='bbox 948 1276 1043 1334; x_wconf 91' lang='lat' dir='ltr'>adhuc</span> <span class='ocrx_word' id='word_1_74' title='bbox 1068 1278 1232 1343; x_wconf 85' lang='lat' dir='ltr'>diiudicare</span> <span class='ocrx_word' id='word_1_75' title='bbox 1257 1301 1314 1339; x_wconf 90' lang='lat' dir='ltr'>nou</span> <span class='ocrx_word' id='word_1_76' title='bbox 1338 1301 1387 1357; x_wconf 91' lang='lat' dir='ltr'>po·</span> 
     </span>
     <span class='ocr_line' id='line_1_10' title="bbox 242 1373 1387 1462; baseline 0.007 -32"><span class='ocrx_word' id='word_1_77' title='bbox 242 1373 396 1450; x_wconf 88' lang='lat' dir='ltr'>tuerimus,</span> <span class='ocrx_word' id='word_1_78' title='bbox 419 1394 486 1432; x_wconf 90' lang='lat' dir='ltr'>num</span> <span class='ocrx_word' id='word_1_79' title='bbox 511 1373 642 1433; x_wconf 88' lang='lat' dir='ltr'>lulianus</span> <span class='ocrx_word' id='word_1_80' title='bbox 666 1381 784 1451; x_wconf 90' lang='lat' dir='ltr'>praeter</span> <span class='ocrx_word' id='word_1_81' title='bbox 807 1375 930 1433; x_wconf 81' lang='lat' dir='ltr'>Dionem</span> <span class='ocrx_word' id='word_1_82' title='bbox 955 1383 985 1432; x_wconf 91' lang='lat' dir='ltr'>et</span> <span class='ocrx_word' id='word_1_83' title='bbox 1001 1376 1154 1436; x_wconf 84' lang='lat' dir='ltr'>Platonem</span> <span class='ocrx_word' id='word_1_84' title='bbox 1179 1381 1246 1438; x_wconf 91' lang='lat' dir='ltr'>aliis</span> <span class='ocrx_word' id='word_1_85' title='bbox 1270 1400 1387 1462; x_wconf 89' lang='lat' dir='ltr'>quoque</span> 
     </span>
     <span class='ocr_line' id='line_1_11' title="bbox 243 1467 1387 1556; baseline 0.008 -26"><span class='ocrx_word' id='word_1_86' title='bbox 243 1473 448 1549; x_wconf 80' lang='lat' dir='ltr'><strong>scriptoribus,</strong></span> <span class='ocrx_word' id='word_1_87' title='bbox 484 1477 535 1551; x_wconf 91' lang='lat' dir='ltr'>qui</span> <span class='ocrx_word' id='word_1_88' title='bbox 560 1476 646 1534; x_wconf 89' lang='lat' dir='ltr'>nobis</span> <span class='ocrx_word' id='word_1_89' title='bbox 670 1467 782 1535; x_wconf 73' lang='lat' dir='ltr'>serrati</span> <span class='ocrx_word' id='word_1_90' title='bbox 812 1477 870 1535; x_wconf 91' lang='lat' dir='ltr'>iam</span> <span class='ocrx_word' id='word_1_91' title='bbox 893 1496 950 1535; x_wconf 88' lang='lat' dir='ltr'>non</span> <span class='ocrx_word' id='word_1_92' title='bbox 974 1483 1053 1548; x_wconf 88' lang='lat' dir='ltr'>sunt,</span> <span class='ocrx_word' id='word_1_93' title='bbox 1088 1497 1141 1536; x_wconf 90' lang='lat' dir='ltr'>sua</span> <span class='ocrx_word' id='word_1_94' title='bbox 1165 1479 1281 1556; x_wconf 85' lang='lat' dir='ltr'>debeat,</span> <span class='ocrx_word' id='word_1_95' title='bbox 1312 1502 1387 1539; x_wconf 88' lang='lat' dir='ltr'>nunc</span> 
     </span>
     <span class='ocr_line' id='line_1_12' title="bbox 243 1557 1307 1653; baseline 0.013 -23"><span class='ocrx_word' id='word_1_96' title='bbox 243 1557 370 1631; x_wconf 77' lang='lat' dir='ltr'>certiora</span> <span class='ocrx_word' id='word_1_97' title='bbox 394 1583 570 1650; x_wconf 81' lang='lat' dir='ltr'>argumenta</span> <span class='ocrx_word' id='word_1_98' title='bbox 593 1579 790 1653; x_wconf 85' lang='lat' dir='ltr'><strong>proferemus.</strong></span> <span class='ocrx_word' id='word_1_99' title='bbox 990 1579 993 1586; x_wconf 65' lang='lat'><em>&#39;</em></span> <span class='ocrx_word' id='word_1_100' title='bbox 1305 1637 1307 1644; x_wconf 84' lang='lat'>.</span> 
     </span>
    </p>

    <p class='ocr_par' dir='ltr' id='par_1_4' title="bbox 163 1675 1387 2762">
     <span class='ocr_line' id='line_1_13' title="bbox 343 1675 1386 1756; baseline 0.007 -24"><span class='ocrx_word' id='word_1_101' title='bbox 343 1675 483 1734; x_wconf 78' lang='lat' dir='ltr'>Iul-ianoe</span> <span class='ocrx_word' id='word_1_102' title='bbox 502 1675 627 1750; x_wconf 67' lang='lat' dir='ltr'>Cynicos</span> <span class='ocrx_word' id='word_1_103' title='bbox 648 1682 786 1756; x_wconf 80' lang='lat' dir='ltr'>sequitur.</span> <span class='ocrx_word' id='word_1_104' title='bbox 824 1678 924 1754; x_wconf 78' lang='lat' dir='ltr'>Pergit</span> <span class='ocrx_word' id='word_1_105' title='bbox 947 1679 1079 1739; x_wconf 87' lang='lat' dir='ltr'>lulianus</span> <span class='ocrx_word' id='word_1_106' title='bbox 1103 1680 1184 1740; x_wconf 86' lang='lat' dir='ltr'>80a:</span> <span class='ocrx_word' id='word_1_107' title='bbox 1215 1698 1302 1742; x_wconf 84' lang='lat' dir='ltr'>unam</span> <span class='ocrx_word' id='word_1_108' title='bbox 1325 1683 1386 1743; x_wconf 84' lang='lat' dir='ltr'>vir·</span> 
     </span>
     <span class='ocr_line' id='line_1_14' title="bbox 250 1770 1385 1856; baseline 0.01 -25"><span class='ocrx_word' id='word_1_109' title='bbox 250 1780 340 1832; x_wconf 86' lang='lat' dir='ltr'>tutem</span> <span class='ocrx_word' id='word_1_110' title='bbox 371 1793 436 1832; x_wconf 83' lang='lat' dir='ltr'>esse</span> <span class='ocrx_word' id='word_1_111' title='bbox 459 1770 633 1850; x_wconf 84' lang='grc' dir='ltr'>εὐδαίμονα</span> <span class='ocrx_word' id='word_1_112' title='bbox 658 1773 715 1842; x_wconf 79' lang='grc' dir='ltr'>καὶ</span> <span class='ocrx_word' id='word_1_113' title='bbox 733 1774 898 1851; x_wconf 81' lang='grc' dir='ltr'>βασιλικὴν</span> <span class='ocrx_word' id='word_1_114' title='bbox 924 1777 975 1838; x_wconf 88' lang='grc' dir='ltr'>καὶ</span> <span class='ocrx_word' id='word_1_115' title='bbox 995 1776 1046 1838; x_wconf 88' lang='grc' dir='ltr'>ναὶ</span> <span class='ocrx_word' id='word_1_116' title='bbox 1069 1777 1112 1854; x_wconf 93' lang='grc' dir='ltr'>μὰ</span> <span class='ocrx_word' id='word_1_117' title='bbox 1134 1778 1200 1841; x_wconf 92' lang='grc' dir='ltr'>Δία</span> <span class='ocrx_word' id='word_1_118' title='bbox 1222 1779 1385 1856; x_wconf 88' lang='grc' dir='ltr'>πολιτικὴν</span> 
     </span>
     <span class='ocr_line' id='line_1_15' title="bbox 248 1870 1384 1956; baseline 0.006 -22"><span class='ocrx_word' id='word_1_119' title='bbox 248 1870 299 1934; x_wconf 86' lang='grc' dir='ltr'>καλ</span> <span class='ocrx_word' id='word_1_120' title='bbox 322 1873 536 1949; x_wconf 84' lang='grc' dir='ltr'>στρατηγικὴν</span> <span class='ocrx_word' id='word_1_121' title='bbox 558 1873 610 1936; x_wconf 88' lang='grc' dir='ltr'>καὶ</span> <span class='ocrx_word' id='word_1_122' title='bbox 625 1874 856 1952; x_wconf 82' lang='grc' dir='ltr'>μεγαλόφρονα</span> <span class='ocrx_word' id='word_1_123' title='bbox 879 1875 930 1937; x_wconf 86' lang='grc' dir='ltr'>καὶ</span> <span class='ocrx_word' id='word_1_124' title='bbox 950 1875 1109 1940; x_wconf 77' lang='grc' dir='ltr'>πλουσίαν</span> <span class='ocrx_word' id='word_1_125' title='bbox 1131 1896 1168 1952; x_wconf 90' lang='grc' dir='ltr'>γε</span> <span class='ocrx_word' id='word_1_126' title='bbox 1192 1876 1320 1956; x_wconf 86' lang='grc' dir='ltr'>ἀληθῶς</span> <span class='ocrx_word' id='word_1_127' title='bbox 1348 1913 1384 1924; x_wconf 83' lang='lat'>--</span> 
     </span>
     <span class='ocr_line' id='line_1_16' title="bbox 246 1973 1384 2057; baseline 0.005 -23"><span class='ocrx_word' id='word_1_128' title='bbox 246 1994 321 2052; x_wconf 84' lang='lat' dir='ltr'>quae</span> <span class='ocrx_word' id='word_1_129' title='bbox 345 1976 437 2037; x_wconf 80' lang='lat' dir='ltr'>verba</span> <span class='ocrx_word' id='word_1_130' title='bbox 460 1979 588 2053; x_wconf 89' lang='lat' dir='ltr'>genuina</span> <span class='ocrx_word' id='word_1_131' title='bbox 612 1977 711 2037; x_wconf 82' lang='lat' dir='ltr'>Stoica</span> <span class='ocrx_word' id='word_1_132' title='bbox 743 1981 813 2056; x_wconf 89' lang='lat' dir='ltr'>quin</span> <span class='ocrx_word' id='word_1_133' title='bbox 846 1981 913 2046; x_wconf 86' lang='lat' dir='ltr'>sint,</span> <span class='ocrx_word' id='word_1_134' title='bbox 950 1981 1016 2056; x_wconf 90' lang='lat' dir='ltr'>quis</span> <span class='ocrx_word' id='word_1_135' title='bbox 1040 1973 1182 2040; x_wconf 84' lang='lat' dir='ltr'>dubitet?</span> <span class='ocrx_word' id='word_1_136' title='bbox 1226 1982 1303 2039; x_wconf 83' lang='lat' dir='ltr'>Zeno</span> <span class='ocrx_word' id='word_1_137' title='bbox 1338 2001 1384 2057; x_wconf 90' lang='lat' dir='ltr'>ap.</span> 
     </span>
     <span class='ocr_line' id='line_1_17' title="bbox 245 2075 1384 2158; baseline 0.005 -23"><span class='ocrx_word' id='word_1_138' title='bbox 245 2075 327 2136; x_wconf 81' lang='lat' dir='ltr'>Stob.</span> <span class='ocrx_word' id='word_1_139' title='bbox 354 2077 509 2146; x_wconf 80' lang='lat' dir='ltr'>ecl.117,</span> <span class='ocrx_word' id='word_1_140' title='bbox 535 2083 591 2138; x_wconf 90' lang='grc'>119</span> <span class='ocrx_word' id='word_1_141' title='bbox 617 2103 653 2130; x_wconf 90' lang='lat'>=</span> <span class='ocrx_word' id='word_1_142' title='bbox 679 2083 715 2141; x_wconf 86' lang='lat' dir='ltr'>fr.</span> <span class='ocrx_word' id='word_1_143' title='bbox 740 2083 800 2138; x_wconf 84' lang='grc'><strong>148</strong></span> <span class='ocrx_word' id='word_1_144' title='bbox 831 2102 859 2158; x_wconf 90' lang='lat' dir='ltr'>p.</span> <span class='ocrx_word' id='word_1_145' title='bbox 884 2082 942 2141; x_wconf 90' lang='grc'><strong>189</strong></span> <span class='ocrx_word' id='word_1_146' title='bbox 976 2082 1121 2141; x_wconf 89' lang='lat' dir='ltr'>Pearson:</span> <span class='ocrx_word' id='word_1_147' title='bbox 1156 2077 1316 2155; x_wconf 85' lang='grc' dir='ltr'>εὐδαίμων</span> <span class='ocrx_word' id='word_1_148' title='bbox 1349 2079 1384 2145; x_wconf 82' lang='grc' dir='ltr'>δέ</span> 
     </span>
     <span class='ocr_line' id='line_1_18' title="bbox 241 2173 1384 2259; baseline 0.003 -21"><span class='ocrx_word' id='word_1_149' title='bbox 241 2173 331 2238; x_wconf 84' lang='grc' dir='ltr'>ἐστιν</span> <span class='ocrx_word' id='word_1_150' title='bbox 346 2173 484 2252; x_wconf 86' lang='grc' dir='ltr'>μάλιστα</span> <span class='ocrx_word' id='word_1_151' title='bbox 508 2177 559 2240; x_wconf 87' lang='grc' dir='ltr'>καί</span> <span class='ocrx_word' id='word_1_152' title='bbox 575 2176 713 2256; x_wconf 84' lang='grc' dir='ltr'>εὐτυχὴς</span> <span class='ocrx_word' id='word_1_153' title='bbox 736 2178 787 2241; x_wconf 85' lang='grc' dir='ltr'>καὶ</span> <span class='ocrx_word' id='word_1_154' title='bbox 803 2177 959 2257; x_wconf 88' lang='grc' dir='ltr'>μακάριος</span> <span class='ocrx_word' id='word_1_155' title='bbox 981 2179 1032 2243; x_wconf 87' lang='grc' dir='ltr'>καὶ</span> <span class='ocrx_word' id='word_1_156' title='bbox 1053 2177 1162 2259; x_wconf 89' lang='grc' dir='ltr'>ὄλβιος</span> <span class='ocrx_word' id='word_1_157' title='bbox 1181 2179 1233 2242; x_wconf 87' lang='grc' dir='ltr'>καὶ</span> <span class='ocrx_word' id='word_1_158' title='bbox 1248 2177 1384 2258; x_wconf 79' lang='grc' dir='ltr'>εὐσεβὴς</span> 
     </span>
     <span class='ocr_line' id='line_1_19' title="bbox 241 2276 1387 2356; baseline 0.003 -18"><span class='ocrx_word' id='word_1_159' title='bbox 241 2276 294 2340; x_wconf 88' lang='grc' dir='ltr'>καὶ</span> <span class='ocrx_word' id='word_1_160' title='bbox 320 2278 475 2356; x_wconf 90' lang='grc' dir='ltr'>θεοφιλὴς</span> <span class='ocrx_word' id='word_1_161' title='bbox 499 2278 551 2342; x_wconf 83' lang='grc' dir='ltr'>καὶ</span> <span class='ocrx_word' id='word_1_162' title='bbox 573 2276 783 2356; x_wconf 83' lang='grc' dir='ltr'>ἀξιωματικὸς</span> <span class='ocrx_word' id='word_1_163' title='bbox 805 2279 857 2341; x_wconf 82' lang='grc' dir='ltr'>καὶ</span> <span class='ocrx_word' id='word_1_164' title='bbox 876 2280 1133 2356; x_wconf 80' lang='grc' dir='ltr'>χρηματιστικὸς.</span> <span class='ocrx_word' id='word_1_165' title='bbox 1187 2282 1251 2341; x_wconf 88' lang='lat' dir='ltr'>Sed·</span> <span class='ocrx_word' id='word_1_166' title='bbox 1277 2284 1387 2342; x_wconf 83' lang='lat' dir='ltr'>similia</span> 
     </span>
     <span class='ocr_line' id='line_1_20' title="bbox 241 2378 1383 2459; baseline -0.001 -21"><span class='ocrx_word' id='word_1_167' title='bbox 241 2381 300 2439; x_wconf 87' lang='lat' dir='ltr'>iam</span> <span class='ocrx_word' id='word_1_168' title='bbox 324 2378 469 2440; x_wconf 78' lang='lat' dir='ltr'>Socratici</span> <span class='ocrx_word' id='word_1_169' title='bbox 492 2383 617 2458; x_wconf 85' lang='lat' dir='ltr'>priores,</span> <span class='ocrx_word' id='word_1_170' title='bbox 639 2384 783 2459; x_wconf 83' lang='lat' dir='ltr'>imprimis</span> <span class='ocrx_word' id='word_1_171' title='bbox 807 2382 919 2457; x_wconf 79' lang='lat' dir='ltr'>Cynici,</span> <span class='ocrx_word' id='word_1_172' title='bbox 947 2383 1092 2456; x_wconf 80' lang='lat' dir='ltr'>dicebant,</span> <span class='ocrx_word' id='word_1_173' title='bbox 1115 2384 1151 2441; x_wconf 85' lang='lat' dir='ltr'>cl.</span> <span class='ocrx_word' id='word_1_174' title='bbox 1176 2383 1271 2441; x_wconf 92' lang='lat' dir='ltr'>locum</span> <span class='ocrx_word' id='word_1_175' title='bbox 1288 2383 1383 2442; x_wconf 87' lang='lat' dir='ltr'>Xeno.-</span> 
     </span>
     <span class='ocr_line' id='line_1_21' title="bbox 163 2482 1385 2562; baseline 0.001 -21"><span class='ocrx_word' id='word_1_176' title='bbox 163 2545 164 2548; x_wconf 18' lang='lat'>.</span> <span class='ocrx_word' id='word_1_177' title='bbox 242 2482 370 2559; x_wconf 90' lang='lat' dir='ltr'>phontis,</span> <span class='ocrx_word' id='word_1_178' title='bbox 395 2501 482 2559; x_wconf 84' lang='lat' dir='ltr'>quem</span> <span class='ocrx_word' id='word_1_179' title='bbox 505 2483 567 2541; x_wconf 89' lang='lat' dir='ltr'>iam</span> <span class='ocrx_word' id='word_1_180' title='bbox 587 2502 677 2560; x_wconf 89' lang='lat' dir='ltr'>supra</span> <span class='ocrx_word' id='word_1_181' title='bbox 699 2503 728 2560; x_wconf 85' lang='lat' dir='ltr'>p.</span> <span class='ocrx_word' id='word_1_182' title='bbox 746 2483 784 2562; x_wconf 78' lang='grc'>26</span> <span class='ocrx_word' id='word_1_183' title='bbox 806 2504 834 2541; x_wconf 92' lang='lat' dir='ltr'>n.</span> <span class='ocrx_word' id='word_1_184' title='bbox 854 2485 868 2541; x_wconf 95' lang='grc'><strong>1</strong></span> <span class='ocrx_word' id='word_1_185' title='bbox 895 2503 960 2541; x_wconf 88' lang='lat' dir='ltr'>oum</span> <span class='ocrx_word' id='word_1_186' title='bbox 982 2483 1199 2560; x_wconf 83' lang='lat' dir='ltr'>Wegehauptio</span> <span class='ocrx_word' id='word_1_187' title='bbox 1220 2484 1385 2560; x_wconf 79' lang='lat' dir='ltr'>attulimus,</span> 
     </span>
     <span class='ocr_line' id='line_1_22' title="bbox 237 2577 1383 2659; baseline 0.003 -19"><span class='ocrx_word' id='word_1_188' title='bbox 237 2602 325 2642; x_wconf 87' lang='lat' dir='ltr'>mem.</span> <span class='ocrx_word' id='word_1_189' title='bbox 349 2582 470 2641; x_wconf 70' lang='lat'>11114:</span> <span class='ocrx_word' id='word_1_190' title='bbox 495 2578 563 2642; x_wconf 79' lang='grc' dir='ltr'>ὁδε</span> <span class='ocrx_word' id='word_1_191' title='bbox 577 2579 616 2658; x_wconf 90' lang='grc' dir='ltr'>μὴ</span> <span class='ocrx_word' id='word_1_192' title='bbox 642 2577 856 2658; x_wconf 87' lang='grc' dir='ltr'>ἐπιστάμενος</span> <span class='ocrx_word' id='word_1_193' title='bbox 878 2578 953 2644; x_wconf 85' lang='grc' dir='ltr'>οὔτε</span> <span class='ocrx_word' id='word_1_194' title='bbox 977 2580 1160 2658; x_wconf 88' lang='grc' dir='ltr'>στρατηγὸς</span> <span class='ocrx_word' id='word_1_195' title='bbox 1176 2579 1250 2644; x_wconf 87' lang='grc' dir='ltr'>οὔτε</span> <span class='ocrx_word' id='word_1_196' title='bbox 1274 2579 1383 2659; x_wconf 87' lang='grc' dir='ltr'>ἰατρός</span> 
     </span>
     <span class='ocr_line' id='line_1_23' title="bbox 238 2668 1080 2762; baseline 0.001 -21"><span class='ocrx_word' id='word_1_197' title='bbox 238 2678 330 2742; x_wconf 89' lang='grc' dir='ltr'>ἐστιν</span> <span class='ocrx_word' id='word_1_198' title='bbox 353 2677 422 2742; x_wconf 84' lang='grc' dir='ltr'>οὐδ’</span> <span class='ocrx_word' id='word_1_199' title='bbox 445 2668 504 2744; x_wconf 82' lang='grc' dir='ltr'>Ιἐιλιν</span> <span class='ocrx_word' id='word_1_200' title='bbox 524 2679 587 2744; x_wconf 85' lang='grc' dir='ltr'>ὑπὸ</span> <span class='ocrx_word' id='word_1_201' title='bbox 611 2680 742 2745; x_wconf 88' lang='grc' dir='ltr'>πάντων</span> <span class='ocrx_word' id='word_1_202' title='bbox 763 2680 942 2759; x_wconf 87' lang='grc' dir='ltr'>ἀνθρώπων</span> <span class='ocrx_word' id='word_1_203' title='bbox 960 2680 1080 2762; x_wconf 86' lang='grc' dir='ltr'>αἱρεθῇ.</span> 
     </span>
    </p>

    <p class='ocr_par' dir='ltr' id='par_1_5' title="bbox 238 2779 1383 3260">
     <span class='ocr_line' id='line_1_24' title="bbox 341 2779 1382 2864; baseline 0.003 -22"><span class='ocrx_word' id='word_1_204' title='bbox 341 2781 503 2845; x_wconf 84' lang='grc' dir='ltr'>πλουσίαν</span> <span class='ocrx_word' id='word_1_205' title='bbox 525 2782 555 2854; x_wconf 87' lang='grc' dir='ltr'>γ’</span> <span class='ocrx_word' id='word_1_206' title='bbox 578 2779 707 2859; x_wconf 84' lang='grc' dir='ltr'>ἀληθῶς</span> <span class='ocrx_word' id='word_1_207' title='bbox 729 2793 877 2862; x_wconf 91' lang='lat' dir='ltr'>postremo</span> <span class='ocrx_word' id='word_1_208' title='bbox 902 2786 974 2844; x_wconf 88' lang='lat' dir='ltr'>dicit</span> <span class='ocrx_word' id='word_1_209' title='bbox 995 2785 1137 2856; x_wconf 85' lang='lat' dir='ltr'>Iulianus,</span> <span class='ocrx_word' id='word_1_210' title='bbox 1167 2807 1235 2845; x_wconf 86' lang='lat' dir='ltr'>nam</span> <span class='ocrx_word' id='word_1_211' title='bbox 1258 2806 1382 2864; x_wconf 84' lang='lat' dir='ltr'>sequen·</span> 
     </span>
     <span class='ocr_line' id='line_1_25' title="bbox 238 2883 1383 2964; baseline 0.003 -22"><span class='ocrx_word' id='word_1_212' title='bbox 238 2884 318 2943; x_wconf 89' lang='lat' dir='ltr'>tibus</span> <span class='ocrx_word' id='word_1_213' title='bbox 337 2885 373 2942; x_wconf 87' lang='lat' dir='ltr'>de</span> <span class='ocrx_word' id='word_1_214' title='bbox 397 2887 478 2945; x_wconf 86' lang='lat' dir='ltr'>veris</span> <span class='ocrx_word' id='word_1_215' title='bbox 501 2886 617 2945; x_wconf 85' lang='lat' dir='ltr'>divitiis</span> <span class='ocrx_word' id='word_1_216' title='bbox 641 2885 820 2962; x_wconf 74' lang='lat' dir='ltr'>Cynicorum</span> <span class='ocrx_word' id='word_1_217' title='bbox 843 2883 893 2958; x_wconf 84' lang='lat' dir='ltr'>(cf.</span> <span class='ocrx_word' id='word_1_218' title='bbox 916 2887 1048 2946; x_wconf 80' lang='lat' dir='ltr'>Antisth.</span> <span class='ocrx_word' id='word_1_219' title='bbox 1071 2907 1117 2964; x_wconf 88' lang='lat' dir='ltr'>ap.</span> <span class='ocrx_word' id='word_1_220' title='bbox 1132 2883 1383 2964; x_wconf 71' lang='lat' dir='ltr'>Xeu.conv.4aa)</span> 
     </span>
     <span class='ocr_line' id='line_1_26' title="bbox 238 2982 1382 3065; baseline 0.003 -23"><span class='ocrx_word' id='word_1_221' title='bbox 238 2983 455 3062; x_wconf 80' lang='lat' dir='ltr'>philosophiam</span> <span class='ocrx_word' id='word_1_222' title='bbox 489 2993 606 3046; x_wconf 89' lang='lat' dir='ltr'>secutus</span> <span class='ocrx_word' id='word_1_223' title='bbox 641 2982 838 3065; x_wconf 55' lang='lat' dir='ltr'>disputatip.</span> <span class='ocrx_word' id='word_1_224' title='bbox 862 2983 1069 3062; x_wconf 82' lang='lat' dir='ltr'>80b-81a).</span> <span class='ocrx_word' id='word_1_225' title='bbox 1115 2989 1219 3064; x_wconf 92' lang='lat' dir='ltr'>incipit</span> <span class='ocrx_word' id='word_1_226' title='bbox 1245 3008 1262 3046; x_wconf 90' lang='lat' dir='ltr'>a</span> <span class='ocrx_word' id='word_1_227' title='bbox 1293 3007 1382 3048; x_wconf 85' lang='lat' dir='ltr'>versu</span> 
     </span>
     <span class='ocr_line' id='line_1_27' title="bbox 238 3085 1383 3165; baseline 0.003 -21"><span class='ocrx_word' id='word_1_228' title='bbox 238 3086 360 3145; x_wconf 87' lang='lat' dir='ltr'>Homeri</span> <span class='ocrx_word' id='word_1_229' title='bbox 387 3085 423 3146; x_wconf 91' lang='lat' dir='ltr'>Il.</span> <span class='ocrx_word' id='word_1_230' title='bbox 444 3086 484 3144; x_wconf 83' lang='lat' dir='ltr'>lx</span> <span class='ocrx_word' id='word_1_231' title='bbox 508 3087 578 3146; x_wconf 81' lang='lat'>404.</span> <span class='ocrx_word' id='word_1_232' title='bbox 611 3108 637 3164; x_wconf 92' lang='lat' dir='ltr'>p.</span> <span class='ocrx_word' id='word_1_233' title='bbox 659 3089 696 3146; x_wconf 90' lang='grc'>81</span> <span class='ocrx_word' id='word_1_234' title='bbox 714 3090 847 3147; x_wconf 83' lang='lat' dir='ltr'>a-84a</span> <span class='ocrx_word' id='word_1_235' title='bbox 870 3089 950 3148; x_wconf 87' lang='lat' dir='ltr'>solos</span> <span class='ocrx_word' id='word_1_236' title='bbox 980 3090 1145 3165; x_wconf 84' lang='lat' dir='ltr'>sapientes</span> <span class='ocrx_word' id='word_1_237' title='bbox 1163 3089 1383 3149; x_wconf 86' lang='lat' dir='ltr'>demonstratur</span> 
     </span>
     <span class='ocr_line' id='line_1_28' title="bbox 239 3182 480 3260; baseline -0.004 -14"><span class='ocrx_word' id='word_1_238' title='bbox 239 3206 304 3246; x_wconf 83' lang='lat' dir='ltr'>esse</span> <span class='ocrx_word' id='word_1_239' title='bbox 330 3182 480 3260; x_wconf 86' lang='grc' dir='ltr'>εὐγενεῖς.</span> 
     </span>
    </p>

    <p class='ocr_par' dir='ltr' id='par_1_6' title="bbox 236 3277 1468 3872">
     <span class='ocr_line' id='line_1_29' title="bbox 335 3277 1382 3368; baseline 0.001 -21"><span class='ocrx_word' id='word_1_240' title='bbox 335 3290 412 3348; x_wconf 73' lang='lat' dir='ltr'>rtem</span> <span class='ocrx_word' id='word_1_241' title='bbox 433 3289 494 3348; x_wconf 76' lang='lat' dir='ltr'>cro</span> <span class='ocrx_word' id='word_1_242' title='bbox 516 3307 557 3348; x_wconf 76' lang='lat' dir='ltr'>or.</span> <span class='ocrx_word' id='word_1_243' title='bbox 582 3291 651 3348; x_wconf 78' lang='grc' dir='ltr'>κν.</span> <span class='ocrx_word' id='word_1_244' title='bbox 696 3289 812 3349; x_wconf 71' lang='lat' dir='ltr'>simun</span> <span class='ocrx_word' id='word_1_245' title='bbox 834 3290 925 3349; x_wconf 71' lang='lat' dir='ltr'>habes</span> <span class='ocrx_word' id='word_1_246' title='bbox 948 3292 1026 3366; x_wconf 75' lang='lat' dir='ltr'>apuu</span> <span class='ocrx_word' id='word_1_247' title='bbox 1050 3291 1176 3350; x_wconf 77' lang='lat' dir='ltr'>utonem</span> <span class='ocrx_word' id='word_1_248' title='bbox 1198 3277 1331 3368; x_wconf 65' lang='lat' dir='ltr'>ccxv,</span> <span class='ocrx_word' id='word_1_249' title='bbox 1352 3292 1382 3348; x_wconf 77' lang='grc' dir='ltr'>ιη</span> 
     </span>
     <span class='ocr_line' id='line_1_30' title="bbox 238 3388 1383 3469; baseline 0.006 -23"><span class='ocrx_word' id='word_1_250' title='bbox 238 3407 296 3465; x_wconf 83' lang='lat' dir='ltr'>qua</span> <span class='ocrx_word' id='word_1_251' title='bbox 320 3388 506 3448; x_wconf 86' lang='lat' dir='ltr'>Antisthenis</span> <span class='ocrx_word' id='word_1_252' title='bbox 529 3391 654 3464; x_wconf 86' lang='lat' dir='ltr'>vestigia</span> <span class='ocrx_word' id='word_1_253' title='bbox 677 3393 809 3466; x_wconf 89' lang='lat' dir='ltr'>repperit</span> <span class='ocrx_word' id='word_1_254' title='bbox 831 3390 877 3449; x_wconf 90' lang='lat' dir='ltr'>de</span> <span class='ocrx_word' id='word_1_255' title='bbox 903 3391 1165 3469; x_wconf 86' lang='lat' dir='ltr'>Wilamowitz,</span> <span class='ocrx_word' id='word_1_256' title='bbox 1188 3390 1383 3453; x_wconf 84' lang='lat' dir='ltr'>Commentar.</span> 
     </span>
     <span class='ocr_line' id='line_1_31' title="bbox 236 3488 1382 3569; baseline 0.003 -22"><span class='ocrx_word' id='word_1_257' title='bbox 236 3508 359 3564; x_wconf 85' lang='lat' dir='ltr'>gramm.</span> <span class='ocrx_word' id='word_1_258' title='bbox 376 3488 428 3547; x_wconf 89' lang='lat'>111.</span> <span class='ocrx_word' id='word_1_259' title='bbox 456 3491 544 3563; x_wconf 86' lang='grc'><strong>1889,</strong></span> <span class='ocrx_word' id='word_1_260' title='bbox 568 3510 595 3567; x_wconf 88' lang='lat' dir='ltr'>p.</span> <span class='ocrx_word' id='word_1_261' title='bbox 623 3491 669 3561; x_wconf 87' lang='lat'>12,</span> <span class='ocrx_word' id='word_1_262' title='bbox 693 3489 769 3548; x_wconf 87' lang='lat' dir='ltr'>haud</span> <span class='ocrx_word' id='word_1_263' title='bbox 804 3493 865 3550; x_wconf 89' lang='lat' dir='ltr'>scio</span> <span class='ocrx_word' id='word_1_264' title='bbox 896 3511 931 3550; x_wconf 87' lang='lat' dir='ltr'>an</span> <span class='ocrx_word' id='word_1_265' title='bbox 954 3500 1043 3560; x_wconf 88' lang='lat' dir='ltr'>recte,</span> <span class='ocrx_word' id='word_1_266' title='bbox 1078 3512 1257 3569; x_wconf 87' lang='lat' dir='ltr'>quamquam</span> <span class='ocrx_word' id='word_1_267' title='bbox 1280 3501 1382 3551; x_wconf 89' lang='lat' dir='ltr'>contra</span> 
     </span>
     <span class='ocr_line' id='line_1_32' title="bbox 238 3590 1382 3670; baseline 0 -20"><span class='ocrx_word' id='word_1_268' title='bbox 238 3597 313 3650; x_wconf 87' lang='lat' dir='ltr'>eum</span> <span class='ocrx_word' id='word_1_269' title='bbox 327 3590 403 3650; x_wconf 85' lang='lat' dir='ltr'>dixit</span> <span class='ocrx_word' id='word_1_270' title='bbox 424 3591 458 3649; x_wconf 87' lang='lat' dir='ltr'>R.</span> <span class='ocrx_word' id='word_1_271' title='bbox 483 3591 596 3666; x_wconf 88' lang='lat' dir='ltr'>Hirzel,</span> <span class='ocrx_word' id='word_1_272' title='bbox 622 3592 728 3668; x_wconf 82' lang='lat' dir='ltr'>llialcg</span> <span class='ocrx_word' id='word_1_273' title='bbox 750 3592 762 3647; x_wconf 93' lang='lat' dir='ltr'>l</span> <span class='ocrx_word' id='word_1_274' title='bbox 785 3613 812 3670; x_wconf 91' lang='lat' dir='ltr'>p.</span> <span class='ocrx_word' id='word_1_275' title='bbox 836 3596 893 3652; x_wconf 85' lang='grc'><strong>122</strong></span> <span class='ocrx_word' id='word_1_276' title='bbox 918 3613 945 3652; x_wconf 91' lang='lat' dir='ltr'>n.</span> <span class='ocrx_word' id='word_1_277' title='bbox 964 3595 991 3652; x_wconf 92' lang='grc'>2.</span> <span class='ocrx_word' id='word_1_278' title='bbox 1028 3591 1221 3652; x_wconf 87' lang='lat' dir='ltr'>Antisthenes</span> <span class='ocrx_word' id='word_1_279' title='bbox 1243 3592 1382 3668; x_wconf 86' lang='lat' dir='ltr'>indigena</span> 
     </span>
     <span class='ocr_line' id='line_1_33' title="bbox 236 3688 1383 3772; baseline 0.002 -22"><span class='ocrx_word' id='word_1_280' title='bbox 236 3711 293 3750; x_wconf 90' lang='lat' dir='ltr'>uon</span> <span class='ocrx_word' id='word_1_281' title='bbox 330 3709 396 3753; x_wconf 86' lang='lat' dir='ltr'>esse</span> <span class='ocrx_word' id='word_1_282' title='bbox 419 3691 572 3751; x_wconf 87' lang='lat' dir='ltr'>dicebatur</span> <span class='ocrx_word' id='word_1_283' title='bbox 595 3689 641 3767; x_wconf 81' lang='lat' dir='ltr'>(L.</span> <span class='ocrx_word' id='word_1_284' title='bbox 666 3691 700 3751; x_wconf 91' lang='lat' dir='ltr'>D.</span> <span class='ocrx_word' id='word_1_285' title='bbox 725 3693 767 3751; x_wconf 90' lang='lat' dir='ltr'>VI</span> <span class='ocrx_word' id='word_1_286' title='bbox 793 3691 829 3768; x_wconf 89' lang='lat' dir='ltr'>l),</span> <span class='ocrx_word' id='word_1_287' title='bbox 867 3695 987 3772; x_wconf 88' lang='lat' dir='ltr'>scripsit</span> <span class='ocrx_word' id='word_1_288' title='bbox 1014 3690 1087 3768; x_wconf 89' lang='grc' dir='ltr'>περὶ</span> <span class='ocrx_word' id='word_1_289' title='bbox 1113 3688 1297 3768; x_wconf 85' lang='grc' dir='ltr'>ἐλευθερίας</span> <span class='ocrx_word' id='word_1_290' title='bbox 1331 3690 1383 3752; x_wconf 82' lang='grc' dir='ltr'>καί</span> 
     </span>
     <span class='ocr_line' id='line_1_34' title="bbox 236 3787 1468 3872; baseline 0.002 -20"><span class='ocrx_word' id='word_1_291' title='bbox 236 3787 385 3867; x_wconf 85' lang='grc' dir='ltr'>δουλείας</span> <span class='ocrx_word' id='word_1_292' title='bbox 408 3790 492 3866; x_wconf 84' lang='lat' dir='ltr'>(ibid.</span> <span class='ocrx_word' id='word_1_293' title='bbox 516 3789 579 3866; x_wconf 81' lang='lat'>12).</span> <span class='ocrx_word' id='word_1_294' title='bbox 624 3793 667 3854; x_wconf 80' lang='lat' dir='ltr'>cf.</span> <span class='ocrx_word' id='word_1_295' title='bbox 692 3794 779 3854; x_wconf 92' lang='lat' dir='ltr'>Dion.</span> <span class='ocrx_word' id='word_1_296' title='bbox 801 3792 817 3869; x_wconf 62' lang='grc' dir='ltr'>ξ</span> <span class='ocrx_word' id='word_1_297' title='bbox 843 3797 880 3853; x_wconf 89' lang='grc'><strong>12</strong></span> <span class='ocrx_word' id='word_1_298' title='bbox 904 3805 933 3854; x_wconf 92' lang='lat' dir='ltr'>et</span> <span class='ocrx_word' id='word_1_299' title='bbox 954 3795 1059 3856; x_wconf 89' lang='lat' dir='ltr'>Iulian.</span> <span class='ocrx_word' id='word_1_300' title='bbox 1082 3817 1111 3872; x_wconf 92' lang='lat' dir='ltr'>p.</span> <span class='ocrx_word' id='word_1_301' title='bbox 1134 3796 1173 3852; x_wconf 88' lang='grc'>82</span> <span class='ocrx_word' id='word_1_302' title='bbox 1187 3791 1229 3854; x_wconf 79' lang='lat'>02.</span> <span class='ocrx_word' id='word_1_303' title='bbox 1466 3794 1468 3797; x_wconf 62' lang='grc'><strong>’</strong></span> 
     </span>
    </p>
   </div>
   <div class='ocr_carea' id='block_1_3' title="bbox 235 3957 1381 4558">
    <p class='ocr_par' dir='ltr' id='par_1_7' title="bbox 235 3957 1381 4292">
     <span class='ocr_line' id='line_1_35' title="bbox 339 3957 1381 4028; baseline -0.004 -16"><span class='ocrx_word' id='word_1_304' title='bbox 339 3957 449 4026; x_wconf 75' lang='lat' dir='ltr'>¹Quod</span> <span class='ocrx_word' id='word_1_305' title='bbox 469 3959 637 4013; x_wconf 82' lang='lat' dir='ltr'>Plutarchus</span> <span class='ocrx_word' id='word_1_306' title='bbox 664 3961 698 4014; x_wconf 87' lang='lat' dir='ltr'>de</span> <span class='ocrx_word' id='word_1_307' title='bbox 726 3959 774 4012; x_wconf 92' lang='lat' dir='ltr'>lib.</span> <span class='ocrx_word' id='word_1_308' title='bbox 795 3959 871 4014; x_wconf 90' lang='lat' dir='ltr'>educ.</span> <span class='ocrx_word' id='word_1_309' title='bbox 890 3978 916 4028; x_wconf 86' lang='lat' dir='ltr'>p.</span> <span class='ocrx_word' id='word_1_310' title='bbox 936 3961 982 4014; x_wconf 80' lang='lat' dir='ltr'>ca</span> <span class='ocrx_word' id='word_1_311' title='bbox 1000 3959 1141 4014; x_wconf 84' lang='lat' dir='ltr'>Socratem</span> <span class='ocrx_word' id='word_1_312' title='bbox 1172 3978 1234 4014; x_wconf 91' lang='lat' dir='ltr'>cum</span> <span class='ocrx_word' id='word_1_313' title='bbox 1254 3957 1381 4025; x_wconf 81' lang='lat' dir='ltr'>Gorgia</span> 
     </span>
     <span class='ocr_line' id='line_1_36' title="bbox 238 4045 1379 4118; baseline -0.002 -18"><span class='ocrx_word' id='word_1_314' title='bbox 238 4045 272 4102; x_wconf 89' lang='lat' dir='ltr'>de</span> <span class='ocrx_word' id='word_1_315' title='bbox 291 4065 356 4118; x_wconf 82' lang='lat' dir='ltr'>rege</span> <span class='ocrx_word' id='word_1_316' title='bbox 376 4047 520 4103; x_wconf 86' lang='lat' dir='ltr'>Persarum</span> <span class='ocrx_word' id='word_1_317' title='bbox 541 4046 608 4101; x_wconf 83' lang='lat' dir='ltr'>lacit</span> <span class='ocrx_word' id='word_1_318' title='bbox 623 4049 835 4115; x_wconf 79' lang='lat' dir='ltr'>colloquentem,</span> <span class='ocrx_word' id='word_1_319' title='bbox 855 4066 910 4101; x_wconf 88' lang='lat' dir='ltr'>non</span> <span class='ocrx_word' id='word_1_320' title='bbox 929 4065 992 4103; x_wconf 89' lang='lat' dir='ltr'>cum</span> <span class='ocrx_word' id='word_1_321' title='bbox 1006 4049 1083 4106; x_wconf 84' lang='lat' dir='ltr'>Polo.</span> <span class='ocrx_word' id='word_1_322' title='bbox 1104 4054 1135 4101; x_wconf 88' lang='lat' dir='ltr'>ut</span> <span class='ocrx_word' id='word_1_323' title='bbox 1154 4054 1197 4102; x_wconf 86' lang='lat' dir='ltr'>est</span> <span class='ocrx_word' id='word_1_324' title='bbox 1216 4049 1243 4100; x_wconf 94' lang='lat' dir='ltr'>in</span> <span class='ocrx_word' id='word_1_325' title='bbox 1258 4047 1379 4099; x_wconf 87' lang='lat' dir='ltr'>Platonis</span> 
     </span>
     <span class='ocr_line' id='line_1_37' title="bbox 236 4133 1381 4206; baseline -0.001 -18"><span class='ocrx_word' id='word_1_326' title='bbox 236 4135 348 4206; x_wconf 84' lang='lat' dir='ltr'>Gorgia,</span> <span class='ocrx_word' id='word_1_327' title='bbox 369 4138 463 4188; x_wconf 82' lang='lat' dir='ltr'>utrum</span> <span class='ocrx_word' id='word_1_328' title='bbox 483 4135 617 4188; x_wconf 78' lang='lat' dir='ltr'>erravisse</span> <span class='ocrx_word' id='word_1_329' title='bbox 636 4137 803 4190; x_wconf 86' lang='lat' dir='ltr'>Plutarchus</span> <span class='ocrx_word' id='word_1_330' title='bbox 822 4136 963 4206; x_wconf 86' lang='lat' dir='ltr'>putandus</span> <span class='ocrx_word' id='word_1_331' title='bbox 982 4135 1018 4189; x_wconf 91' lang='lat' dir='ltr'>sit</span> <span class='ocrx_word' id='word_1_332' title='bbox 1037 4154 1073 4189; x_wconf 86' lang='lat' dir='ltr'>an</span> <span class='ocrx_word' id='word_1_333' title='bbox 1092 4136 1146 4188; x_wconf 91' lang='lat' dir='ltr'>alio</span> <span class='ocrx_word' id='word_1_334' title='bbox 1168 4153 1201 4188; x_wconf 89' lang='lat' dir='ltr'>ex</span> <span class='ocrx_word' id='word_1_335' title='bbox 1216 4134 1291 4188; x_wconf 85' lang='lat' dir='ltr'>fonte</span> <span class='ocrx_word' id='word_1_336' title='bbox 1312 4133 1381 4187; x_wconf 87' lang='lat' dir='ltr'>hacc</span> 
     </span>
     <span class='ocr_line' id='line_1_38' title="bbox 235 4223 908 4292; baseline 0.001 -16"><span class='ocrx_word' id='word_1_337' title='bbox 235 4224 392 4292; x_wconf 88' lang='lat' dir='ltr'>sumpsisse,</span> <span class='ocrx_word' id='word_1_338' title='bbox 411 4223 477 4276; x_wconf 88' lang='lat' dir='ltr'>mihi</span> <span class='ocrx_word' id='word_1_339' title='bbox 498 4223 608 4291; x_wconf 84' lang='lat' dir='ltr'>quidem</span> <span class='ocrx_word' id='word_1_340' title='bbox 629 4241 683 4276; x_wconf 89' lang='lat' dir='ltr'>non</span> <span class='ocrx_word' id='word_1_341' title='bbox 704 4226 771 4277; x_wconf 86' lang='lat' dir='ltr'>satis</span> <span class='ocrx_word' id='word_1_342' title='bbox 791 4229 908 4278; x_wconf 87' lang='lat' dir='ltr'>constat.</span> 
     </span>
    </p>

    <p class='ocr_par' dir='ltr' id='par_1_8' title="bbox 235 4309 1381 4558">
     <span class='ocr_line' id='line_1_39' title="bbox 334 4309 1380 4382; baseline 0.004 -20"><span class='ocrx_word' id='word_1_343' title='bbox 334 4309 346 4346; x_wconf 70' lang='lat'><strong>2</strong></span> <span class='ocrx_word' id='word_1_344' title='bbox 365 4311 443 4378; x_wconf 80' lang='lat' dir='ltr'>Quod</span> <span class='ocrx_word' id='word_1_345' title='bbox 463 4311 497 4364; x_wconf 90' lang='lat' dir='ltr'>de</span> <span class='ocrx_word' id='word_1_346' title='bbox 518 4311 702 4366; x_wconf 86' lang='lat' dir='ltr'>Wilamowitz</span> <span class='ocrx_word' id='word_1_347' title='bbox 723 4313 907 4382; x_wconf 86' lang='lat' dir='ltr'>inapparatu</span> <span class='ocrx_word' id='word_1_348' title='bbox 928 4313 1093 4366; x_wconf 89' lang='lat' dir='ltr'>Arnimiauo</span> <span class='ocrx_word' id='word_1_349' title='bbox 1113 4312 1198 4366; x_wconf 85' lang='lat' dir='ltr'>verba</span> <span class='ocrx_word' id='word_1_350' title='bbox 1213 4311 1310 4365; x_wconf 88' lang='lat' dir='ltr'>Diouis</span> <span class='ocrx_word' id='word_1_351' title='bbox 1328 4311 1380 4366; x_wconf 59' lang='lat' dir='ltr'>,XV</span> 
     </span>
     <span class='ocr_line' id='line_1_40' title="bbox 236 4397 1381 4467; baseline -0.002 -15"><span class='ocrx_word' id='word_1_352' title='bbox 236 4399 270 4452; x_wconf 91' lang='grc'><strong>12</strong></span> <span class='ocrx_word' id='word_1_353' title='bbox 290 4401 367 4454; x_wconf 83' lang='grc' dir='ltr'>ἄλλοι</span> <span class='ocrx_word' id='word_1_354' title='bbox 386 4400 550 4467; x_wconf 86' lang='grc' dir='ltr'>σοφώτεροι</span> <span class='ocrx_word' id='word_1_355' title='bbox 579 4399 635 4450; x_wconf 90' lang='lat' dir='ltr'>iam</span> <span class='ocrx_word' id='word_1_356' title='bbox 669 4397 1070 4453; x_wconf 75' lang='lat' dir='ltr'>adPlatonisTheaet.175a</span> <span class='ocrx_word' id='word_1_357' title='bbox 1098 4399 1251 4466; x_wconf 84' lang='lat' dir='ltr'>revocavit,</span> <span class='ocrx_word' id='word_1_358' title='bbox 1280 4415 1381 4452; x_wconf 87' lang='lat' dir='ltr'>novum</span> 
     </span>
     <span class='ocr_line' id='line_1_41' title="bbox 235 4486 1380 4558; baseline -0.004 -15"><span class='ocrx_word' id='word_1_359' title='bbox 235 4492 430 4558; x_wconf 78' lang='lat' dir='ltr'>argumentum</span> <span class='ocrx_word' id='word_1_360' title='bbox 458 4486 617 4541; x_wconf 88' lang='lat' dir='ltr'>addendum</span> <span class='ocrx_word' id='word_1_361' title='bbox 656 4490 705 4540; x_wconf 86' lang='lat' dir='ltr'>est.</span> <span class='ocrx_word' id='word_1_362' title='bbox 754 4487 824 4542; x_wconf 86' lang='lat' dir='ltr'>Nam</span> <span class='ocrx_word' id='word_1_363' title='bbox 859 4487 954 4542; x_wconf 87' lang='lat' dir='ltr'>eadem</span> <span class='ocrx_word' id='word_1_364' title='bbox 989 4487 1164 4542; x_wconf 87' lang='lat' dir='ltr'>necessitudo</span> <span class='ocrx_word' id='word_1_365' title='bbox 1198 4488 1272 4542; x_wconf 86' lang='lat' dir='ltr'>iuter</span> <span class='ocrx_word' id='word_1_366' title='bbox 1308 4486 1380 4539; x_wconf 90' lang='lat' dir='ltr'>huno</span> 
     </span>
    </p>
   </div>
   <div class='ocr_carea' id='block_1_4' title="bbox 0 0 1654 5024">
    <p class='ocr_par' dir='ltr' id='par_1_9' title="bbox 0 0 1654 5024">
     <span class='ocr_line' id='line_1_42' title="bbox 0 0 1654 5024; baseline 0 3"><span class='ocrx_word' id='word_1_367' title='bbox 0 0 1654 5024; x_wconf 95' lang='lat' dir='ltr'> </span> 
     </span>
    </p>
   </div>
  </div>
 </body>
</html>
