3298 5024
456 1439 459 1444 .
540 1391 610 1460 „Dio
629 1391 735 1460 gleicht
754 1391 828 1444 einer
848 1391 981 1458 Festuug‚
1001 1364 1046 1443 die
1066 1390 1142 1444 einer
1161 1391 1262 1460 langen
1281 1389 1397 1458 Belage·

449 1500 526 1552 rung·
540 1479 645 1542 beders,
675 1497 738 1533 man
768 1497 842 1532 muas
870 1496 898 1532 es
922 1478 981 1532 sich
1005 1477 1083 1532 nicht
1102 1478 1275 1532 verdriesseu
1297 1479 1396 1544 lasseu,

425 1589 428 1598 ²
448 1571 493 1623 die
506 1567 706 1622 Aussenwerke
726 1585 759 1619 zu
779 1565 906 1624 nahmen.
924 1583 957 1618 zu
977 1565 1181 1620 diimmeuuud
1200 1585 1234 1620 zu
1253 1567 1397 1632 schanzeu,
1493 1607 1497 1614 .

450 1657 519 1710 auch
538 1655 673 1708 munchen
692 1653 867 1720 Fehlschuss,
893 1654 1028 1707 manchon
1049 1653 1148 1708 Schuss
1168 1654 1239 1710 ohne
1258 1653 1397 1709 sichtbare

349 1806 353 1820 ¹
372 1817 374 1820 Ι
450 1743 588 1814 Wirlrung
607 1761 640 1796 zu
660 1743 739 1795 thun.
777 1741 830 1794 ldit
846 1741 940 1795 Sturm
961 1742 1017 1795 und
1031 1741 1165 1796 Escalade
1179 1743 1240 1796 sind
1253 1743 1326 1796 wohl
1338 1759 1396 1796 ver-

450 1832 565 1886 eiuzelte
584 1830 700 1901 Erfolge
719 1849 752 1883 zu
772 1831 920 1900 erlangen;
942 1831 1024 1884 meist
1043 1832 1109 1884 aber
1129 1820 1237 1885 werden
1258 1830 1302 1884 die
1321 1829 1397 1884 Stiir·

450 1919 568 1973 meuden
588 1919 640 1972 mit
658 1919 784 1988 blutigou
804 1916 916 1987 defen
936 1918 1134 1972 heimzieheu.“
1177 1953 1181 1961 ·

576 2023 733 2094 Emporium
754 2021 916 2076 Zeitsohrift
934 2023 979 2076 fiir
999 2021 1362 2107 Alterthumswisseuschaft

875 2111 944 2165 1842
962 2129 990 2181 p.
1009 2109 1070 2165 234.

251 2369 302 2436 llo
325 2365 460 2458 duplici
480 2343 682 2436 studiorum
702 2367 919 2433 lllonoorum
936 2366 1066 2431 notatis
1084 2365 1229 2431 nostrae
1244 2363 1395 2430 ratione.
1462 2394 1464 2400 v

351 2525 456 2582 Studia
478 2525 592 2582 Dionea
616 2525 788 2582 intermissa
810 2530 880 2599 post
903 2531 1027 2582 mortem
1044 2523 1103 2582 viri
1122 2521 1285 2582 doctissimi
1308 2527 1397 2598 atque

251 2641 437 2702 summopere
460 2625 495 2683 do
519 2623 614 2683 Dione
638 2625 747 2690 meriti,
777 2643 863 2701 quem
898 2642 987 2700 supra
1010 2623 1131 2682 honoris
1153 2643 1242 2682 carrea
1263 2621 1396 2680 laudavi-

155 2785 158 2790 *
250 2747 326 2796 mus,
350 2727 514 2785 utnostris
537 2727 621 2784 annis
644 2745 747 2784 rursus
770 2725 1002 2791 efflorescerent,
1026 2743 1091 2782 cum
1114 2724 1240 2783 eliorum
1263 2730 1328 2781 tum'
1342 2723 1396 2780 Ar-

156 2899 158 2904 ,
251 2829 333 2886 nimii
356 2847 446 2904 opere
468 2825 578 2886 factum
612 2834 665 2886 est.
711 2827 810 2904 Atque
843 2834 877 2885 ut
909 2834 972 2885 tota
1005 2827 1168 2886 studiorum
1205 2826 1396 2902 antiquorum

254 2929 330 2987 ratio
353 2947 387 2988 ac
403 2929 453 2987 via
468 2929 592 2997 ferebat,
615 2935 734 2987 versata
757 2935 826 2986 sunt
848 2948 905 2988 non
930 2928 1026 2987 solum
1042 2929 1071 2986 in
1089 2928 1185 2988 Dione
1205 2924 1396 2999 emendando,

252 3027 301 3085 scd
326 3031 421 3104 magis
444 3031 532 3086 etiam
555 3031 584 3086 in
604 3029 791 3108 inquirendis
815 3030 959 3105 lontibus,
985 3030 1014 3086 in
1037 3028 1163 3087 historia
1186 3025 1285 3086 rerum
1308 3033 1397 3102 atque
1479 3075 1481 3080 .

251 3129 420 3188 litterarum
438 3129 568 3187 Dioneae
585 3132 692 3190 aetatis
714 3132 833 3208 planius
852 3132 1075 3209 accuratiusque
1091 3130 1278 3190 illustranda,
1310 3127 1397 3188 Utar·

252 3249 309 3308 que
327 3237 426 3289 autem
451 3249 572 3308 campus
595 3232 655 3291 lete
675 3239 766 3309 patet.

351 3331 398 3391 De
413 3337 475 3392 arte
490 3335 602 3392 critica.
635 3333 735 3391 Alteri
752 3333 792 3391 de
814 3334 942 3392 Arnim
959 3352 1079 3410 operam
1092 3333 1183 3409 dedit,
1200 3333 1252 3410 qui
1267 3331 1397 3390 editione

185 3479 187 3484 .
252 3451 305 3490 sua
327 3439 360 3492 nt
382 3435 467 3491 novis
483 3434 605 3508 auxiliis
620 3433 763 3492 adhibitis
777 3454 888 3493 novum
904 3440 972 3511 post
988 3434 1160 3514 Emporium
1173 3433 1397 3492 fundamentum

252 3533 417 3591 studiorum
434 3533 602 3592 criticorum
619 3536 764 3611 praebuit,
774 3535 816 3592 ita
829 3535 1154 3612 demonst1·avit,quam
1167 3535 1261 3592 multa
1272 3533 1303 3590 in
1315 3539 1397 3590 tenta

252 3635 384 3693 codicum
401 3635 588 3712 corruptione
604 3637 761 3711 sagacitati
780 3643 870 3712 atque
886 3637 1072 3695 coniecturae
1094 3635 1226 3694 virorum
1243 3634 1396 3693 doctorum

250 3730 339 3793 ¹etiam
362 3735 579 3811 relinquantur,
613 3742 685 3813 quot
716 3736 773 3794 loci
808 3734 861 3795 vix
894 3756 1034 3815 umquam
1067 3737 1131 3795 fore
1156 3743 1188 3794 ut
1210 3728 1397 3811 corrigantur

252 3834 367 3910 sperari
389 3853 475 3910 posse
511 3836 656 3895 videatur.
702 3836 804 3915 ltaque
837 3858 901 3896 cum
936 3837 1119 3914 singularum
1152 3838 1396 3920 coniecturarum,

252 3955 326 4013 quas
349 3941 399 3994 aut
422 3935 473 3994 alii
497 3945 548 3996 aut
571 3937 606 3996 de
630 3939 735 3996 Arnim
760 3940 960 4016 protulerunt,
986 3939 1016 3996 in
1043 3945 1126 3997 tante
1148 3938 1308 3997 verborum
1331 3956 1396 3996 eor·

181 4091 186 4097 .
251 4037 388 4113 ruptione
412 4037 523 4095 multae
545 4057 599 4114 pro
623 4045 703 4097 certa
725 4039 929 4099 emendatione
952 4038 1042 4098 vendi
1064 4040 1263 4116 nonpossint,
1288 4038 1397 4122 deAr7

252 4137 310 4195 nim
334 4156 401 4195 cum
432 4138 560 4197 editione
595 4158 648 4198 sua
681 4148 744 4198 tum
766 4141 853 4210 libro,
889 4160 976 4216 quem
1012 4139 1047 4198 de
1071 4141 1174 4199 Dionis
1206 4141 1271 4200 vita
1307 4145 1396 4216 atque
1611 4163 1617 4169 ·

252 4237 392 4313 operibus
416 4239 535 4315 scripsit
556 4237 668 4315 (Berol.
695 4234 798 4317 1898),
825 4240 1031 4317 hooprofcoit
1052 4259 1109 4298 non
1132 4241 1294 4313 minimum,
1318 4240 1397 4318 quod

253 4345 332 4394 rect-c
354 4338 501 4398 iudicavit
535 4339 570 4399 de
593 4340 719 4400 historia
748 4341 884 4400 lectionis
907 4341 1048 4399 Dioneae.
1092 4340 1155 4399 lam
1177 4331 1396 4417 pridem'enim

252 4437 311 4496 viri
334 4437 415 4497 docti
435 4440 611 4501 invenerant
633 4443 841 4502 nonnullarum
865 4442 969 4501 Dionis
992 4443 1158 4501 orationum
1181 4450 1232 4500 aut
1256 4441 1396 4518 -quod
