3298 5024
798 379 941 440 36'

250 571 318 625 sunt
347 565 398 626 vel
421 574 565 626 rorantur
585 567 615 638 ii,
637 567 688 644 qui
711 567 856 627 omnibus
870 567 961 626 saluti
984 569 1060 627 sunt‘
1083 572 1113 627 et
1134 574 1253 646 postes:
1279 571 1395 640 ‚contra

139 731 141 734 ,
250 667 302 743 qui
324 666 391 727 duri
413 674 444 728 et
466 669 605 738 immites,
627 668 744 747 tyranni
762 664 928 728 habentur‘.
964 666 1022 728 Sed
1044 687 1102 728 nou
1120 687 1241 729 neeesse
1265 677 1311 728 est
1327 669 1393 728 Dio·

250 785 316 826 nem
331 769 424 828 verbo
440 769 519 831 θεῖοι
535 770 628 829 bonos
645 785 733 844 reges
747 789 764 828 a
779 769 916 844 tyrannis
932 788 1096 829 secernere.
1133 768 1278 846 βασιλεῖς
1294 769 1394 836 Dioni,

250 866 306 927 hoo
328 870 459 930 maxime
482 871 557 943 loeo,
583 871 629 929 aui
647 869 751 930 similis
772 869 933 929 ost11142
956 889 1033 948 sqq„
1056 871 1125 929 boni
1141 889 1228 946 reges
1248 877 1335 942 sunt;
1358 870 1395 930 oi.

252 969 331 1028 infra
352 970 474 1030 XXXII
499 973 551 1031 27:
581 973 640 1047 τῆς
664 967 752 1046 θείας
780 967 846 1031 καὶ
869 969 1035 1048 βασιλικῆς
1058 967 1201 1047 φύσεως,
1235 971 1313 1049 quod
1336 991 1393 1032 non

250 1068 388 1148 dixisset,
411 1073 435 1131 si
458 1067 559 1148 φύσις
576 1069 721 1148 βασιλικὴ
744 1092 801 1132 uon
824 1092 878 1150 per
901 1091 932 1132 se
955 1074 1021 1150 ipss
1044 1067 1112 1134 Osis
1135 1080 1229 1145 esset3
1253 1079 1395 1150 utsupra

248 1167 266 1248 β
289 1173 438 1250 bt'reges
467 1181 503 1232 st·
518 1181 667 1250 tyrannos
692 1193 757 1233 eum
779 1193 836 1233 uno
860 1174 954 1234 verbo
977 1175 1136 1252 complecti
1158 1175 1261 1252 vellet,
1284 1173 1394 1233 diserte

249 1273 328 1334 dixit
349 1268 442 1350 ἀνδρὶ
464 1269 606 1354 δυνάστῃ
629 1270 681 1335 καὶ
700 1269 832 1349 ἄρχοντι
847 1269 1003 1343 πλεόνων,
1026 1293 1082 1334 non
1108 1274 1242 1351 βασιλεῖ.
1278 1275 1394 1334 Merum

249 1383 348 1435 autam
364 1375 754 1454 ornamentum'epitheton
774 1394 858 1435 more
880 1375 1014 1449 Homeri,
1038 1377 1089 1452 qui
1110 1376 1174 1453 ipse
1189 1371 1285 1437 θείων
1307 1377 1393 1452 βασι·

253 1471 336 1537 λέων
359 1475 459 1550 hebet,
474 1497 589 1536 ornans
615 1477 671 1538 hoo
694 1477 769 1551 loeo,
793 1495 851 1554 quo
874 1477 951 1535 inter
974 1475 1033 1535 duo·
1054 1478 1221 1552 regentium
1242 1477 1395 1537 hominum

250 1593 362 1652 genera
385 1576 592 1655 distinguitur,
615 1585 715 1655 aptum
749 1598 805 1637 non
841 1584 897 1650 est,
930 1577 1008 1654 quod
1030 1584 1133 1636 eontra
1156 1575 1300 1636 Geelium'
1316 1585 1395 1638 reete

250 1675 328 1736 dixit
340 1677 486 1754 Unger,
508 1679 653 1738 Zeitsohr.
678 1679 729 1737 fur
742 1677 1141 1737 Alterthumswissensohalt
1159 1680 1239 1738 1842
1261 1700 1289 1757 p.
1305 1681 1395 1740 1196.

250 1775 334 1844 Quae
361 1786 461 1839 autem
491 1786 593 1838 eontra
616 1777 752 1839 Geelium
778 1778 907 1838 diximus
930 1779 1024 1839 multo
1050 1780 1145 1856 magis
1173 1781 1261 1840 etiam
1285 1780 1395 1839 eadunt

250 1878 278 1936 in
304 1879 420 1956 [ingeri
442 1881 652 1952 oouieoturam,
679 1880 730 1958 qui
753 1875 838 1940 ἐτεοὶ
861 1884 923 1957 pro
937 1876 1007 1940 θεοὶ
1027 1881 1176 1958 proponit.
1223 1881 1316 1938 Aliud
1340 1887 1393 1953 est,

250 1979 330 2057 quod
354 1979 412 2040 Dio
435 1981 549 2042 LXXV
572 1982 589 2038 8
613 1980 686 2040 dioit
709 1977 728 2040 ὁ
750 1978 807 2041 τοῦ
831 1975 916 2056 Διὸς
941 1976 1033 2054 ἐτεός
1056 1975 1140 2054 υἱ6ς;
1168 1987 1298 2040 aeterum
1322 1980 1350 2041 h.
1373 1982 1393 2040 l.

251 2080 467 2157 optimi‘oodd.
489 2080 599 2140 habent
622 2075 735 2157 ἑστώς,
758 2078 858 2157 ἐτειῑις
876 2082 1013 2150 Diodori,
1037 2077 1129 2142 ἐτεὸν
1149 2081 1306 2158 Ειιηιωὶιιι
1328 2101 1393 2141 oum

241 2163 377 2241 ¹lection-e
410 2181 568 2260 marginali
592 2181 734 2257 Morellii,
757 2179 853 2258 θεούς
877 2183 913 2241 de
936 2185 1039 2241 Arnim
1061 2203 1126 2242 eum
1150 2183 1394 2259 Wilsmouitzio,

252 2281 303 2340 sed
320 2277 425 2358 ἑστώς
437 2283 596 2360 genuinum
614 2284 741 2353 videtur,
757 2285 793 2342 ol.
810 2285 831 2342 Β
838 2286 1002 2368 arneysii
1017 2303 1133 2361 opuseo.
1152 2284 1209 2361 lp.
1224 2287 1272 2344 36.
1307 2281 1391 2350 Quod

250 2402 322 2444 vero
346 2378 479 2443 Platonis
513 2385 609 2443 looum
639 2384 730 2444 Polit.
755 2385 850 2442 2691)
881 2385 917 2442 ab
941 2385 1063 2461 Ungero
1092 2385 1244 2444 laudatum
1277 2385 1390 2455 attinet,

248 2484 300 2542 ubi
322 2483 433 2560 legitur
455 2479 473 2545 ὁ
496 2479 648 2558 ἀληθινὸς
666 2480 818 2560 βασιλεὺς
840 2491 869 2544 et
891 2481 911 2544 ὁ
931 2484 978 2546 τῶ
1001 2480 1069 2546 ὄντι
1086 2481 1246 2562 τύραννος
1266 2486 1320 2545 vix
1342 2502 1391 2542 ex·

248 2603 358 2663 ponere
381 2604 455 2664 opus
476 2593 522 2646 est
544 2605 633 2664 quern
654 2584 774 2645 dubiam
792 2585 899 2646 Graeci
918 2585 1053 2647 Platonis
1075 2595 1173 2646 aetate
1198 2587 1234 2645 de
1254 2604 1326 2661 rege
1341 2585 1392 2642 bs·

249 2686 367 2746 buerint
400 2686 575 2746 seutentiam
591 2689 592 2692 ’
610 2693 639 2745 et
673 2687 770 2764 qualis
802 2687 894 2745 fuerit
922 2687 1026 2746 Dionis
1049 2688 1175 2746 Traiano
1210 2684 1390 2743 amicissimi.

252 2785 411 2864 Emperius
434 2803 552 2864 quoque
575 2784 718 2847 Zeitsohr.
741 2787 763 2844 f.
779 2787 842 2848 Alt.
868 2789 945 2846 1841
963 2809 989 2864 p.
1013 2789 1090 2845 360:
1113 2783 1240 2862 ‚Gewiss
1263 2784 1303 2842 ist
1324 2777 1393 2842 θεοὶ

248 2887 427 2947 verdorben‘
458 2896 487 2946 et
521 2885 557 2944 de
580 2885 686 2944 Arnim
718 2887 746 2944 in
770 2879 915 2964 apparatu
947 2906 1000 2964 pro
1024 2883 1091 2946 θεοὶ
1118 2885 1218 2963 posuit
1240 2879 1392 2960 βουλήσει

249 2987 335 3048 θεοῦ.
373 2987 591 3047 Abstinendum
607 2989 696 3066 plane
712 2969 888 3050 coniectura.
925 2989 1008 3049 Haeo
1028 2990 1122 3049 verba
1135 2989 1214 3048 diota
1237 2996 1305 3046 sunt
1318 2993 1392 3046 tem·

144 3160 147 3166 Ι
248 3089 372 3166 poribus
389 3090 615 3166 imperatorum,
638 3089 717 3148 diota
738 3090 949 3164 Alexandriae,
972 3092 1002 3148 in
1029 3093 1178 3167 Aegypto,
1202 3091 1253 3149 ubi
1275 3096 1394 3167 praeter

249 3196 363 3249 eeteros
386 3190 459 3254 inde
478 3210 495 3249 a
517 3191 696 3252 Ptolemaeis
718 3210 806 3268 reges
828 3197 858 3249 et
878 3193 1072 3268 imperatores
1095 3190 1258 3250 honoribus
1280 3190 1391 3251 divinis

248 3289 432 3351 solabantur.
477 3290 549 3352 (lum
577 3291 654 3369 apud
678 3291 827 3351 Romanos
857 3291 919 3351 divi
948 3293 1171 3370 appellarentur
1203 3292 1299 3369 primo
1321 3289 1392 3349 Ose-

248 3411 329 3452 seres
355 3395 473 3470 mortui,
503 3399 607 3470 postea
630 3395 793 3471 imperator
819 3394 910 3451 uivus
933 3393 1015 3465 deus,
1043 3396 1130 3454 siouti
1155 3394 1317 3454 llornitiani
1344 3391 1392 3451 hio

248 3493 354 3554 titulus
367 3493 518 3553 sollemnis
532 3491 605 3553 fuit:
618 3493 764 3569 ,domiuus
780 3501 809 3551 et
828 3492 900 3552 deus
916 3495 1027 3553 uostsr‘
1041 3491 1263 3568 (Mommsen,
1279 3491 1393 3554 Staats-

248 3591 332 3652 reubt
354 3589 408 3652 11³
431 3595 500 3669 759,
525 3586 567 3668 3),
594 3593 751 3653 Aureliani
774 3595 885 3653 nummi
908 3595 1052 3671 praebent
1082 3587 1174 3667 ,deus‘
1198 3594 1248 3653 vel
1275 3592 1339 3669 ,deo
1363 3598 1393 3650 et

248 3694 367 3754 domino
390 3689 468 3754 nato‘
491 3691 575 3765 (ibid.
600 3697 668 3763 760,
687 3694 718 3764 2)
732 3693 848 3764 Graeci
870 3714 974 3754 vorem
999 3695 1061 3754 divi
1084 3697 1112 3754 in
1131 3690 1207 3769 θεός
1231 3699 1392 3764 verterunt,

247 3813 304 3854 non
320 3795 349 3854 iu
371 3793 457 3870 θεῖος
480 3792 656 3867 (puellas,
680 3795 775 3871 myth.
792 3795 876 3856 Rom.
900 3791 946 3852 11³
968 3792 1050 3869 442).
1094 3791 1250 3869 σωτήρων
1275 3794 1392 3852 nomine

249 3895 356 3955 Caesar
379 3904 408 3955 st
431 3897 587 3971 Augustus
611 3902 739 3954 maxims
762 3896 933 3955 colebantur
956 3893 1040 3969 (ibid.
1056 3897 1141 3969 448),
1163 3891 1231 3955 θεοὶ
1244 3895 1391 3970 σωτῆρες

247 3996 412 4057 Ptolemaei
435 3997 508 4055 satis
524 3997 587 4056 noti
604 4006 682 4062 sunt.
719 3997 858 4055 Proxime
881 3997 917 4055 sd
939 3995 1041 4055 Dionis
1058 3997 1278 4056 Alexandrinae
1294 3996 1390 4055 losum

247 4099 398 4167 secedunt,
426 4116 501 4175 quse
524 4098 666 4172 leguntur
698 4097 728 4155 in
756 4098 843 4156 titulo
871 4097 1008 4156 Caesaris
1033 4097 1182 4174 Ephesino
1212 4095 1282 4156 OlG
1310 4097 1391 4155 2957

248 4207 277 4259 et
301 4202 381 4258 2369
407 4221 441 4248 =
467 4199 508 4257 Le
533 4197 812 4275 Bas-Waddington
837 4199 911 4258 142:
934 4194 1030 4273 θεὸς
1054 4193 1216 4272 ἐπιφανὴς
1242 4193 1293 4257 καὶ
1316 4214 1393 4258 κοι-

246 4295 315 4374 νὸς
337 4299 394 4360 τοῦ
416 4294 617 4374 ἀνθρωπίνου
641 4294 710 4374 βίον
735 4295 867 4374 σωτήρ
895 4295 945 4374 (of.
970 4300 1095 4373 Prellsr,
1128 4299 1149 4358 l.
1172 4318 1195 4358 o.
1219 4320 1246 4376 p.
1270 4301 1339 4369 449,
1362 4300 1387 4358 3,

247 4399 354 4462 Kourst
376 4419 404 4478 p.
429 4400 489 4472 86,
503 4397 545 4477 1).
