3298 5024
800 389 838 458 2³

254 575 368 641 oetero's
390 578 615 657 Xenophontem
639 577 802 637 admiratur
828 583 918 655 atque
942 576 1143 647 οοιιιιιιαιιάαίς
1172 596 1257 656 quem
1272 581 1396 654 quanto·

253 684 400 760 μεταίρειν
422 683 451 740 in
468 681 652 740 orationibus
675 680 737 737 suis
752 686 870 738 secutus
894 680 944 747 sit,
967 684 1036 755 post
1058 679 1118 736 alia
1136 677 1298 737 docuerunt
1311 678 1395 737 Gott-

253 784 303 844 lob
323 783 467 858 Barner,
488 771 720 860 ‘Comparantur
737 781 815 838 inter
837 777 868 838 κο
885 777 992 840 Graeci
1011 778 1047 837 de
1063 780 1230 856 regentium
1245 779 1395 838 hominum

254 885 417 944 virtutibus
439 869 588 942 μυρίοισί
612 882 684 941 diss.
711 881 862 958 Marpurg.
893 881 982 953 1889,
1005 901 1053 958 pp.
1079 880 1210 953 17-224,
1237 887 1267 939 et
1288 880 1396 957 Wege·

253 985 354 1064 haupt.
391 983 447 1045 Sed
472 993 505 1044 ut
527 985 619 1043 moris
643 989 689 1041 est
711 984 910 1060 antiquorum,
936 982 993 1041 Dio
1015 983 1191 1060 plerumque
1217 1002 1273 1042 non
1291 1000 1396 1042 nomen

254 1087 316 1145 eius
339 1088 505 1164 scriptoris,
528 1103 615 1162 quem
638 1085 782 1162 nequitur,
805 1103 893 1161 quem
916 1084 1059 1158 imitatur,
1093 1084 1189 1160 affert,
1225 1083 1276 1142 sed
1300 1083 1397 1142 minus

253 1196 390 1247 ιιοουιαία
405 1188 529 1263 antiquo
546 1184 672 1262 quodam
693 1186 775 1245 fonte
798 1204 830 1242 αα
852 1187 896 1244 uti
912 1175 1031 1244 fa'tetur.
1070 1182 1161 1246 Cuius
1182 1186 1236 1255 rei,
1259 1191 1292 1243 ut
1306 1186 1397 1244 ratio·

253 1308 318 1348 nem
342 1291 407 1348 eius
426 1306 648 1363 oognoncmnus,
670 1287 743 1346 λιιιοο
767 1288 904 1364 exempla
918 1287 1048 1346 afferam.
1086 1286 1156 1344 XllI
1182 1288 1219 1344 14
1233 1332 1239 1345 .
1254 1281 1397 1345 ..ἐνίοτε

253 1385 317 1449 ὑπὸ
340 1384 477 1464 ἀπορίας
493 1383 614 1462 ἀνῆγον
637 1384 690 1448 ἐπί
712 1403 783 1448 τινα
806 1384 926 1459 λόγον
948 1383 1123 1461 ἀρχαῖον
1137 1380 1313 1460 λεγόμενον
1334 1381 1397 1446 ὑπό

255 1506 344 1566 τινος
375 1485 579 1564 Σωκράτους,
608 1486 647 1550 ὃν
679 1484 837 1549 οὐδέποτε
867 1485 989 1563 ἐκεῖνος
1015 1484 1182 1548 ἐπαύσατο
1204 1483 1309 1560 λέγων
1331 1531 1338 1546 .
1361 1532 1398 1546 ..

254 1587 365 1666 ὥσπερ
380 1586 446 1652 ἀπὸ
463 1591 609 1665 μηχανῆς
626 1585 710 1662 θεός,
727 1584 778 1663 ὡς
795 1583 869 1663 έφη
886 1605 951 1662 τις.
969 1589 1037 1665 (15)
1048 1584 1088 1649 οὐ
1105 1585 1211 1662 μέντοι
1225 1599 1399 1663 προσεποι-

253 1689 357 1767 ούμην
379 1688 459 1765 ἐμὸν
480 1684 560 1749 εῖναι
581 1684 761 1762 τὸνλόγον,
784 1683 852 1749 ἀλλ’
876 1683 976 1764 οὗπερ
998 1684 1047 1763 ἦν,
1072 1686 1124 1748 καὶ
1139 1685 1265 1764 ἠξίουν.
1280 1735 1306 1750 ..
1323 1699 1398 1760 συγ·

254 1790 386 1866 γνώμην
408 1787 502 1865 ἔχειν,
528 1787 607 1865 μηδὲ
635 1785 684 1850 ότι
707 1791 808 1854 ταῦτα
831 1788 915 1863 λέγω
938 1786 959 1850 ἃ
981 1785 1131 1866 τυγχάνει
1155 1789 1288 1864 πολλοῖς
1312 1785 1398 1849 ἔτεσι

257 1888 417 1968 πρότερον
439 1887 596 1966 εἰρημένα,
619 1888 672 1953 διὰ
693 1893 791 1952 τοῦτο
813 1887 911 1966 ἧττον
932 1888 1105 1965 προσέχειν
1126 1886 1184 1949 τὸν
1204 1891 1293 1950 νοῶν.
1315 1885 1400 1963 ἴσως

253 1990 317 2068 γάρ
341 1989 389 2063 ἄν,
411 1989 505 2068 ἔφην,
530 1990 636 2067 οὕτως
652 1988 790 2065 μάλιστα
805 1987 1033 2066 ὠφεληθείητε.
1056 1986 1095 2050 οὐ
1116 1987 1179 2064 γὰρ
1199 1987 1237 2063 δή
1253 2006 1289 2061 γε
1313 1984 1399 2063 εἰκός

254 2092 323 2156 ἐστι
345 2092 424 2168 τοὺς
445 2091 641 2167 παλαιοὺς
665 2089 810 2167 λόγους
833 2088 945 2166 ὥσπερ
967 2087 1123 2168 φάρμακα
1137 2089 1398 2166 διαπνεύσαντας

254 2191 497 2255 ἀπολωλεκέναι
518 2191 577 2267 τὴν
599 2188 741 2267 δύναμιν.
812 2267 814 2272 ι

361 2295 416 2354 VH
439 2297 495 2354 98:
519 2291 653 2368 λέγομεν
680 2291 716 2355 δὲ
738 2294 839 2354 ταῦτα
861 2291 1053 2368 μεμνημένοι
1079 2297 1146 2354 τιῖιν
1168 2293 1309 2368 ποιητῶν
1334 2340 1340 2355 .
1362 2338 1369 2353 .
1393 2337 1399 2350 .

254 2395 329 2471 παρ’
353 2391 488 2470 ἐκείνοις
504 2390 643 2470 μάλιστα
665 2390 815 2470 εὑρήσειν
830 2391 1002 2471 ἡγούμενοι
1024 2393 1083 2468 τὴν
1106 2395 1171 2455 τῶν
1180 2387 1318 2455 ’πολλῶν
1333 2390 1399 2454 διά-

255 2511 355 2559 νοιαν.
379 2525 419 2533 -
444 2498 517 2552 102:
553 2492 604 2554 καί
626 2491 736 2570 αὐτοῖς
762 2493 890 2570 τούτοις
917 2495 987 2570 τοῖς
1014 2491 1126 2557 έπεσιν
1148 2491 1312 2570 ἀντείρηκε
1335 2494 1399 2556 τῶν

255 2590 338 2657 πάνυ
365 2589 562 2670 φιλοσόφων
594 2611 735 2668 τις...
761 2592 812 2654 καὶ
844 2595 913 2671 τοῖς
946 2592 1008 2655 ὑπὸ
1028 2594 1238 2672 Σοφοκλέους
1267 2591 1313 2670 εἰς
1343 2592 1400 2656 τόν

255 2696 396 2757 πλοῦτον
417 2692 606 2772 εἰρημένοις,
628 2692 762 2771 ἐκείνοις
778 2693 836 2769 μὲν
858 2691 907 2757 ἐπ’
931 2692 1041 2769 ὀλίγον
1058 2696 1132 2771 τοῖς·
1151 2695 1187 2757 δὲ
1208 2696 1267 2758 τοῖι
1288 2695 1400 2772 Σοφο-

255 2795 371 2872 κλέους
393 2793 444 2857 ἐπὶ
466 2794 576 2870 πλέον,
600 2793 640 2858 οὐ
663 2793 733 2874 μήν,
757 2792 867 2872 ὥσπερ
890 2797 950 2858 νῦν
971 2794 1072 2873 ἡμεῖς.
1093 2795 1155 2859 όιά
1176 2797 1317 2873 μακρῶν,
1342 2793 1399 2859 ἅτε
1497 2783 1504 2790 ’

255 2894 295 2959 οά
316 2898 510 2974 παραχρῆμα
540 2896 621 2959 κατὰ
643 2895 768 2972 πολλὴν
798 2895 948 2960 ἐξουσίαν
973 2895 1103 2968 διεξιῶν,
1129 2893 1210 2959 ἀλλ’.
1225 2897 1260 2960 έν
1280 2895 1400 2976 βίβλοις

254 3014 401 3074 γραφων.

356 3100 447 3159 Vides
471 3100 595 3160 Dionem
618 3103 707 3160 certis
730 3101 862 3160 fontibus
886 3105 938 3176 uti,
962 3122 1086 3181 quorum
1103 3104 1171 3162 ιιίίιι
1193 3104 1313 3174 omittit,
1338 3103 1398 3163 alia

254 3202 426 3280 amplificat.
463 3202 492 3260 ln
511 3202 694 3261 orationibus
709 3198 780 3277 περὶ
794 3199 960 3278 βασιλείας
977 3205 1096 3282 scriptis
1113 3206 1223 3263 similia
1239 3203 1347 3278 habes;
1360 3207 1398 3266 αῖ.

254 3303 323 3361 18:
355 3297 374 3364 ὁ
407 3301 472 3363 τῶν
508 3298 677 3377 φρονίμων
709 3319 743 3362 τε
775 3301 826 3363 καί
848 3304 965 3378 σοφῶν
994 3300 1100 3378 λόγος,
1136 3298 1201 3364 οἶοι
1222 3299 1400 3378 γεγόνασιν

256 3399 304 3465 οἱ1
327 3401 442 3465 πολλοὶ
464 3403 530 3464 τῶν
551 3400 710 3479 πρότερον
732 3449 738 3464 .
763 3453 769 3465 .
795 3451 801 3464 .
824 3403 891 3476 (10)
912 3403 1028 3466 ,πολλοὶ
1053 3403 1111 3480 μὲν
1133 3400 1192 3467 οὖν
1212 3403 1294 3466 κατά
1308 3404 1398 3481 φιλο·
1504 3442 1506 3446 ·

254 3501 377 3581 σοφίαν
399 3499 491 3577 λόγοι
512 3503 563 3566 καὶ
585 3500 704 3580 πάντες
727 3501 837 3580 ἀκοῆςΙ
851 3501 931 3568 ἄξιοι
954 3502 1006 3566 καὶ
1026 3504 1215 3581 θαυμαστὴν
1237 3503 1400 3580 ὠφέλειαν

231 3602 387 3682 ,ἔχοντες
420 3606 488 3680 τοῖς
520 3604 559 3681 μὴ
584 3602 756 3681 παρέργως
779 3602 996 3683 ἀκροωμένοις
1020 3607 1086 3668 κτλ.
1130 3610 1184 3667 33:
1218 3602 1273 3667 ἵνα
1298 3605 1334 3667 δὲ
1360 3604 1400 3666 τά

254 3704 359 3768 πολλὰ
383 3702 479 3782 ἀφεὶς
502 3703 581 3766 είπω
597 3704 634 3767 τὸ
657 3703 892 3782 φανερώτατον
913 3708 1070 3782 σημεῖον.
1087 3755 1093 3767 .
1110 3754 1116 3767 .
1132 3710 1186 3768 48;
1209 3704 1324 3782 ἥδιστα
1347 3705 1400 3768 καὶ

255 3804 625 3883 προθυμότατατοιῖτον
649 3802 761 3881 εἴποιμ’
786 3804 826 3867 ἀν
848 3805 905 3868 τὸν
927 3805 1027 3880 λόγον
1049 3806 1107 3869 τὸν
1129 3806 1210 3883 ὑπὲρ
1234 3808 1292 3869 τοῦ
1315 3805 1399 3884 Διὸς

255 3905 414 3969 ...ἐπεῖ
443 3897 484 3967 δὲ’
501 3905 622 3968 πλείων
652 3905 721 3968 ἐστὶ
744 3904 886 3982 παντός2
914 3910 972 3969 τοῖι
1005 3909 1116 3983 καιροῦ
1144 3908 1202 3978 τοῦ
1235 3905 1399 3984 παρόντος

255 4006 306 4069 καὶ
327 4005 483 4083 δεόμενος
505 4004 702 4071 ἀποδείξεων
728 4004 971 4085 ἀκριβεστέρων,
1003 4005 1094 4085 αὖθίς
1125 4027 1204 4070 ποτε
1238 4005 1321 4087 ἴσως
1348 4008 1399 4082 γέ·

253 4104 332 4172 νοντ’
356 4107 396 4172 ἀν
418 4108 521 4184 σχολὴ
546 4108 681 4170 διελθεῖν
700 4106 808 4170 αὐτόν.

254 4245 451 4255 ...dum-*1-

352 4314 363 4352 ¹
384 4315 433 4384 [οἱ]
454 4317 488 4370 de
507 4320 541 4370 A.

353 4401 366 4439 ²
385 4403 512 4476 [παντὸς]
534 4405 569 4460 de
588 4409 622 4460 A.
