3298 5024
786 406 825 470 26

232 591 399 668 pretatione
423 589 581 651 Homerica
614 591 740 652 Dionem
770 592 799 650 h.
822 593 843 651 l.
865 593 909 652 nti
937 598 1018 670 puto,
1045 613 1092 670 ap.
1116 591 1198 653 Stob.
1222 595 1302 655 anth.
1326 594 1376 654 III

233 711 296 769 cap.
321 694 369 763 10,
385 694 424 750 42
447 713 475 769 p.
500 695 571 764 418,
597 695 634 750 14
665 693 756 754 Heus.
782 716 816 742 =
847 696 893 767 10,
913 697 952 753 43
994 693 1084 752 Mein.
1108 717 1146 742 =
1168 695 1309 772 apophth.
1338 697 1376 752 10

232 813 261 869 p.
286 794 325 851 58
351 791 594 853 Winckelmann:
625 791 825 871 φιλάργυρος
850 791 957 869 οὐδεὶς
979 789 1102 870 ἀγαθὸς
1125 789 1199 855 οὔτε
1223 791 1374 870 βασιλεὺς

139 975 140 980 ¹
232 888 307 955 οὔτε
330 889 539 970 ἐλεύθερος1;
572 915 751 973 quamquam
786 899 910 956 verbum
941 892 1182 972 φιλοχρήματος
1209 916 1226 954 a
1250 896 1375 954 Platone

191 1063 196 1076 .
232 998 306 1074 reip.
328 998 421 1056 4850
452 996 573 1056 dicitur:
607 992 732 1080 οὐδαμῇ
769 995 1010 1074 φιλοχρήματος
1042 995 1117 1070 (soil.
1151 994 1374 1074 philosophus),

232 1097 430 1158 Barnerl.1.
454 1119 482 1176 p.
506 1102 554 1158 10.

330 1201 397 1260 Rea
418 1220 437 1261 o
460 1201 578 1274 epotata
604 1219 669 1261 cum
696 1207 816 1274 pastore
844 1207 1038 1275 comparatus.
1083 1202 1098 1260 I
1124 1203 1160 1260 13
1182 1220 1236 1261 rex
1258 1196 1375 1275 νομεὺς

232 1296 284 1360 καὶ
305 1298 424 1376 ποιμὴν
447 1300 513 1362 τῶν
535 1300 634 1371 λαῶν,
662 1298 722 1377 οὐχ
744 1296 901 1378 ἑστιάτωρ
923 1299 975 1362 καὶ
1002 1301 1165 1376 δαιτυμὼν
1197 1302 1375 1380 appellatur.

180 1389 182 1394 ’
232 1403 376 1464 Extrema
396 1406 490 1464 verba
513 1405 648 1464 Platonis
671 1424 736 1464 esse
758 1406 831 1482 reip.
856 1404 969 1464 13450
991 1406 1050 1463 iam
1070 1404 1239 1463 indicarunt
1260 1405 1375 1463 Barner

231 1525 261 1580 p.
287 1506 322 1562 14
346 1506 433 1564 etde
458 1506 660 1566 Wilamowitz
683 1509 712 1566 iu
736 1512 880 1584 apparatu
904 1507 1042 1565 editionis
1066 1505 1266 1564 Arnimianae.
1307 1505 1375 1565 Pot-

232 1612 317 1664 erant
340 1608 428 1666 etiam
451 1609 551 1667 afferri
573 1609 645 1684 reip.
672 1608 712 1666 IV
735 1609 839 1667 4211.
883 1608 956 1667 rim.
980 1609 1017 1666 17
1033 1626 1059 1666 a.

231 1753 234 1762 .
333 1708 443 1785 Regem
468 1728 532 1768 cnm
556 1714 675 1785 pastore
697 1709 756 1766 iam
772 1728 789 1766 a
805 1707 923 1782 Cynicis
939 1709 1106 1785 comparari
1130 1715 1249 1767 monent
1271 1705 1336 1765 Ioel
1361 1705 1374 1764 I

181 1817 183 1820 '
231 1824 261 1886 p.
285 1809 345 1868 388
361 1822 390 1868 et
410 1809 517 1868 Kaerst
540 1829 566 1886 p.
591 1811 629 1868 27
654 1815 714 1868 not.
739 1811 766 1867 2.
810 1809 868 1867 Hic
891 1816 978 1867 antea
1001 1810 1126 1868 coniecit
1157 1809 1249 1868 verba
1272 1807 1373 1866 Xeno·

231 1909 572 1987 phonteaOyrop.V111
596 1913 663 1969 214:
688 1905 740 1968 καὶ
762 1905 862 1984 λόγος
886 1906 922 1968 δέ
945 1903 1045 1967 αὐτοῦ
1067 1902 1374 1983 ἀπομνημονεύεται,

214 2007 277 2085 ,ὡς
300 2007 388 2081 λέγοι
407 2007 624 2086 παραπλήσια
646 2006 725 2085 ἔργα
748 2004 829 2072 εἶναι
849 2006 976 2085 νομέως
998 2004 1121 2081 ἀγαθοῦ
1146 2003 1198 2066 καλ
1214 2003 1374 2083 βασιλέως

230 2105 357 2179 ἀγαθοῦ
395 2131 432 2170 ex
455 2111 641 2170 Antisthenis
673 2109 751 2188 Cyro
785 2110 905 2187 dialogo
940 2118 1058 2188 sumpta
1092 2129 1166 2170 esse.
1210 2107 1375 2186 Xenophon

232 2211 303 2271 ibid.
327 2212 340 2268 l
365 2214 401 2289 11
426 2213 527 2273 eodem
553 2214 644 2272 simili
666 2214 770 2289 utitur,
804 2213 840 2271 ad
870 2232 956 2289 quem
990 2213 1087 2271 locum
1111 2209 1248 2269 Hertlein
1277 2215 1375 2287 poste·

230 2314 344 2374 riorum
369 2335 426 2374 non
449 2315 531 2374 nulla
553 2315 666 2381 attulit,
690 2314 767 2390 apud
791 2333 865 2390 quos
881 2287 1028 2370 latissime
1050 2312 1106 2369 hoc
1120 2316 1203 2387 patet
1226 2309 1376 2370 cf.Zeller

233 2413 264 2472 II
291 2410 329 2473 1⁴
350 2411 450 2484 325⁵;
486 2415 558 2473 locis
582 2414 735 2486 Aristidis,
769 2412 934 2486 I'hemistii,
956 2411 1081 2478 Libonii.
1107 2410 1227 2485 Iuliani,
1255 2409 1376 2487 Synesii

232 2535 250 2574 a
276 2516 407 2574 Barnero
439 2515 572 2574 collectis
604 2515 680 2572 adde
709 2513 853 2572 Themist.
884 2533 926 2573 or.
955 2511 1024 2570 Xlll
1052 2533 1082 2590 p.
1108 2514 1207 2570 111c.
1254 2510 1375 2587 Archyt

231 2612 303 2689 περὶ
325 2611 425 2689 νόμου
449 2611 501 2675 καὶ
523 2611 731 2689 δικαιοσύνας
755 2634 801 2691 ap.
827 2613 910 2674 Stob.
927 2613 1030 2686 flete,
1050 2614 1098 2671 61.
1138 2612 1282 2696 Ecphant.
1304 2607 1376 2684 περὶ

235 2713 401 2793 βασιλείας
425 2718 496 2778 ibid.
519 2721 569 2793 48,
594 2719 642 2776 64.

265 2861 268 2867 -
332 2817 519 2894 Wegchaupt
541 2838 569 2894 p.
594 2821 629 2876 11
656 2837 683 2878 n.
702 2820 722 2875 4
742 2837 806 2874 cnm
830 2815 937 2892 Cyrnp.
960 2813 1040 2874 VIII
1061 2815 1116 2872 214
1138 2811 1265 2872 contulit
1287 2811 1373 2870 Dion.

232 2918 273 2975 lll
296 2921 352 2977 41:
375 2915 528 2994 ποιμένος
551 2915 711 2992 ἐπιεικοῦς
734 2912 818 2992 ἔχων
839 2911 931 2990 ἦθος,
956 2912 1078 2988 σκέπης
1103 2910 1155 2974 καὶ
1175 2913 1277 2988 νομῆς
1299 2927 1374 2986 προ-

235 3015 414 3094 νοούμενος
438 3018 506 3092 τοῖς
529 3014 629 3079 αὑτοῦ
651 3016 800 3092 κτήνεσιν
823 3026 852 3076 et
876 3017 969 3078 verba
989 3017 1053 3094 ipse
1076 3014 1185 3074 similia
1208 3033 1273 3072 esse
1295 3013 1375 3082 dicit,

233 3120 285 3178 scd
310 3126 430 3197 praeter
452 3121 544 3180 verba
566 3116 677 3193 νομέα,
701 3115 797 3193 κτήνη
816 3151 852 3162 -
876 3117 988 3191 νομῆς,
1010 3113 1158 3190 κτήνεσιν
1181 3114 1258 3173 nihil
1278 3113 1375 3172 simile

233 3231 288 3280 cst.
334 3221 398 3297 Ego
421 3221 519 3298 potins
544 3221 674 3280 Kacrstii
697 3222 883 3280 coniecturae
909 3218 1026 3278 accedo.

332 3322 380 3387 De
401 3321 521 3382 Socrate
550 3327 575 3382 et
601 3340 667 3396 rope
689 3323 857 3381 Persarum.
902 3319 1004 3378 Oratio
1039 3318 1127 3376 tertia
1158 3314 1281 3375 exordio
1317 3331 1375 3372 non

233 3429 323 3488 caret,
346 3441 404 3498 qno
428 3419 475 3494 (§§
491 3421 606 3494 1-10)
631 3424 750 3481 brevius
766 3428 980 3498 proponuntur,
1004 3438 1079 3496 quae
1093 3425 1196 3495 postea
1211 3415 1375 3475 accuratius

234 3522 390 3580 tractanda
412 3531 495 3582 sunt:
523 3523 657 3583 Socrates
682 3531 711 3581 et
733 3523 810 3582 allus
832 3522 950 3599 quidam
974 3521 1009 3578 de
1032 3519 1112 3594 regis
1128 3518 1286 3576 Persarum
1310 3515 1374 3572 bea·

232 3623 359 3682 titudine
382 3623 544 3700 disputant.
581 3621 665 3689 Quae
689 3643 753 3682 cnm
770 3620 845 3682 Geel
868 3622 904 3680 ad
924 3621 1058 3679 Platonis
1074 3616 1216 3694 Gorgiam
1240 3637 1268 3693 p.
1285 3615 1375 3674 4700

181 3779 182 3782 ,
233 3732 404 3783 revocasset
435 3731 465 3784 et
488 3725 660 3782 Duemmler
692 3726 721 3782 in
746 3723 963 3781 Antisthenicis
995 3721 1168 3779 dubitanter
1191 3718 1373 3782 accessisset,

233 3823 335 3902 Sonny
359 3825 446 3885 Anal.
466 3846 495 3902 p.
522 3827 580 3883 160
601 3825 637 3882 de
661 3826 720 3883 alio
742 3824 862 3899 dialogo
884 3822 1035 3882 Socratico
1060 3822 1145 3879 nobis
1169 3823 1272 3896 Ignoto
1296 3819 1375 3894 cogi·

232 3925 323 3997 tabat,
341 3926 437 3998 credo,
454 3927 523 4002 quia
539 3945 614 4003 quoe
631 3933 771 3983 secuntur
787 3921 820 3999 ἓξ
838 3925 972 3998 30-42,
995 3943 1052 3981 non
1069 3941 1106 3980 ex
1122 3919 1375 4006 Gorgiahaustae

233 4032 310 4085 sunt.
349 4026 397 4084 Ibi
420 4028 496 4084 enim
520 4026 657 4086 Socrates
676 4027 833 4085 Persarum
856 4044 957 4100 regem
981 4032 1010 4082 et
1034 4023 1225 4082 infirmiorem
1248 4037 1374 4096 pauper-

333 4257 402 4312 ¹01¹.
421 4265 567 4328 praeterea
594 4259 672 4312 Dion.
693 4259 793 4312 11138.
820 4257 858 4310 IV
877 4259 902 4310 4.
931 4257 997 4310 Xlll
1017 4257 1059 4310 24.
1087 4256 1155 4309 Xen.
1175 4273 1256 4308 mern.
1278 4254 1316 4306 III
1339 4255 1376 4307 11

233 4347 444 4417 (Wegeh.p.3t‚
464 4348 572 4402 Platon.
593 4347 654 4416 Itys.
673 4347 762 4400 3101).
783 4375 815 4385 -
835 4345 919 4414 Apud
930 4345 1075 4398 Platonem
1094 4342 1291 4414 philosophum
1309 4359 1374 4412 rege

232 4437 372 4501 maiorem,
392 4439 467 4510 apud
485 4437 600 4506 Cynicos
619 4437 736 4491 eundem
755 4453 813 4490 esso
833 4452 865 4490 ac
884 4451 978 4505 regem
997 4432 1078 4488 docet
1097 4432 1165 4502 Ioiil,
1184 4431 1298 4502 1.1.1p.
1313 4431 1374 4485 338.
