3298 5024
841 359 882 419 rt

296 562 359 605 oum
382 545 526 605 Iulianum
543 565 585 603 or.
601 543 633 602 ΙΙ
650 543 775 602 Dionem
793 541 876 619 aequi
902 546 1071 618 exponeret.
1111 537 1155 599 cf.
1172 539 1259 597 etiam
1283 537 1319 598 de
1337 537 1440 598 Arnim

293 650 362 709 libri
385 650 432 708 eui
454 639 482 725 pss
505 647 565 705 419
589 665 633 724 eq.

396 748 554 811 Exordium
570 755 644 808 orat.
658 747 669 804 1
685 754 753 806 aunt
766 741 804 822 ἐξ
821 747 906 804 1-7.
942 743 988 803 Ad
1004 763 1065 803 rem
1078 743 1185 802 transit
1200 736 1237 820 ἐξ
1253 745 1280 803 8.
1297 745 1325 818 9,
1342 762 1439 803 aarum

295 851 470 924 deliberans,
487 867 575 928 qnam
592 850 756 908 orationem
770 841 884 924 (λόγον
900 847 949 905 vel
965 840 1143 922 διατριβὴν)
1160 863 1196 902 ex
1212 853 1294 903 tanta
1308 847 1439 923 antiqui·

294 973 376 1012 orum
392 954 477 1030 oopia
492 951 586 1026 eligat
602 951 689 1008 atrei
705 953 735 1008 et
747 949 805 1008 sibi
821 947 1015 1024 aptissimam,
1032 947 1211 1023 imperatore
1224 946 1439 1022 dignissimam.

293 1052 374 1111 Tuno
389 1053 494 1130 inoipit
508 1047 711 1124 ἀσυνδέτωςτ
729 1046 810 1125 φέρε
824 1043 962 1124 εἴπωμεν
978 1041 1018 1106 τά
1032 1063 1067 1108 τε
1083 1042 1142 1122 ἤθη
1158 1044 1210 1108 καλ
1225 1045 1283 1121 τὴν
1298 1041 1442 1109 διάθεσιν

295 1153 351 1214 τοῦ
363 1153 507 1228 χρηστοῦ
521 1148 691 1228 βασιλέως.
722 1151 779 1212 Sed
794 1170 870 1231 quae
882 1158 1023 1210 secuntur
1035 1145 1068 1224 ἓξ
1084 1151 1201 1207 11-14
1217 1148 1290 1207 nihil
1303 1157 1370 1208 sunt
1384 1151 1441 1209 nisi

295 1255 420 1314 aiterum
444 1254 609 1330 exordium,
632 1273 690 1332 quo
713 1259 806 1314 totam
829 1259 944 1331 partem
969 1252 1113 1310 orationis
1136 1270 1210 1322 eam,
1234 1257 1371 1326 quaeest
1394 1269 1443 1310 oa·

296 1356 411 1434 quaed
436 1351 452 1430 ,ά
477 1358 525 1428 36,
560 1359 644 1418 brevi
673 1357 890 1434 complectitur.
935 1353 1015 1422 Of.§
1039 1354 1078 1410 36
1103 1355 1181 1411 init:
1216 1349 1359 1427 ἐγὼμὲν
1383 1348 1443 1415 οὖν

295 1451 406 1532 ἁπλῶς
428 1450 519 1518 εἷπον
541 1453 581 1518 τὰ
604 1455 677 1532 περὶ
699 1453 757 1516 τὸν
781 1450 905 1526 ἀγαθὸν
928 1449 1073 1530 βασιλέα.
1118 1452 1226 1532 Incipit
1247 1462 1346 1513 aurem
1370 1451 1439 1532 §11

294 1559 330 1616 ab
354 1559 484 1619 Homero
506 1556 601 1634 (rin
615 1559 674 1616 205
692 1551 761 1634 ιφ),
787 1575 873 1634 quem
890 1558 932 1615 ita
943 1556 1172 1632 interpretatur,
1195 1563 1297 1616 utnon
1314 1565 1442 1634 sceptro,

295 1658 347 1716 aad
371 1661 483 1717 virtute
506 1677 606 1734 regem
630 1659 767 1735 cognosci
790 1657 877 1719 dieat.
923 1656 1026 1734 Pergit
1040 1653 1057 1732 ἕ
1073 1658 1129 1715 14;
1153 1655 1255 1717 ταῦτα
1276 1652 1338 1733 γάρ
1361 1667 1443 1731 φησι

287 1753 348 1832 καλ
370 1753 515 1834 Ὅμηρος
537 1753 685 1836 ὁμοίως
706 1757 793 1835 τοῖς
821 1754 960 1834 ἄλλοις
995 1756 1150 1832 σοφοῖς
1183 1774 1222 1818 τε
1257 1754 1326 1817 καὶ
1358 1751 1444 1830 άλη·

296 1853 405 1919 θέσιν
429 1853 636 1938 ἀνδράσιν,
670 1857 716 1934 ὼς
742 1856 850 1933 οὐδεὶς
882 1874 962 1918 ποτε
993 1854 1137 1931 πονηρὸς
1170 1855 1222 1917 καὶ
1257 1852 1441 1934 ἀκόλαστος

296 1955 348 2019 καὶ
370 1955 613 2036 φιλοχρήματος
646 1955 721 2020 οὔτε
757 1955 856 2033 αὐτὸς
890 1955 1007 2019 ἑαυτοῦ
1040 1955 1192 2030 γενέσθαι
1219 1954 1359 2033 δυνατὸς
1386 1952 1442 2032 άρ-

294 2057 384 2135 χειν1
419 2058 488 2121 οὐδ’
522 2058 680 2135 ἐγκρατὴς
712 2055 788 2120 οὔτε
822 2060 888 2120 τῶν
921 2054 1030 2119 ἄλλων
1062 2055 1217 2135 οὐδενός,
1249 2053 1319 2119 οὐδ’
1351 2053 1444 2118 ἔσται

183 2195 188 2202 -
297 2158 376 2220 ποτὲ
404 2157 526 2236 ἐκεῖνος
559 2156 721 2236 βασιλεύς,
755 2156 822 2220 οὐδ’
847 2156 886 2220 ἂν
918 2153 1038 2237 πάντες
1071 2160 1179 2236 φῶσιν
1201 2155 1357 2233 Ἕλληνες
1391 2156 1443 2218 καὶ

298 2255 452 2336 βάρβαροι
475 2257 527 2321 καὶ
553 2256 670 2337 ἄνδρες
702 2257 755 2321 καὶ
787 2261 948 2338 γυναῖκες,
983 2259 1035 2323 καὶ
1067 2259 1107 2336 μὴ
1142 2257 1244 2335 μόνον
1277 2254 1442 2335 ἄνθρωποι

296 2357 500 2435 θαυμάζωσιν
523 2357 623 2422 αὐτὸν
656 2360 708 2422 καὶ
729 2358 945 2437 ὑπακούωσιν,
980 2357 1048 2423 ἀλλ’
1073 2357 1105 2424 οἵ
1140 2378 1174 2422 τε
1198 2357 1325 2436 ὄρνιθες
1347 2355 1441 2420 πετό-

296 2478 387 2535 μενοι
408 2459 460 2521 καὶ
481 2459 521 2521 τὰ
544 2458 638 2536 θηρία
660 2459 696 2522 ἐν
718 2462 786 2536 τοῖς
808 2458 900 2538 ὄρεσι
929 2462 1029 2538 μηδὲν
1054 2458 1153 2537 ἧττον
1173 2461 1239 2523 τῶν
1262 2456 1441 2536 ἀνθρώπων

295 2565 448 2642 συγχωρῇ
467 2579 501 2623 τε
525 2559 577 2622 καὶ
599 2566 675 2642 ποιῇ
698 2561 736 2623 τὸ
758 2561 1056 2638 προσταττόμενον.
1172 2615 1173 2620 ,

396 2663 439 2722 Da
462 2665 557 2722 forma
580 2664 696 2724 dioendi
719 2666 756 2725 oi.
780 2665 829 2724 ΙΙΙ
853 2667 912 2724 42:
947 2660 1043 2739 ὅμοια
1066 2662 1102 2725 δὲ
1125 2660 1268 2739 εἰρήκασι
1291 2661 1362 2738 περὶ
1385 2660 1441 2739 ἀρ-

294 2765 355 2839 χῆς
378 2759 430 2823 καὶ
454 2760 621 2840 βασιλείας
644 2760 674 2824 οἱ
698 2761 766 2839 μετ’
789 2761 889 2826 αὐτόν
914 2765 991 2838 (soil.
1006 2762 1063 2826 τὸν
1080 2760 1279 2842 Σωκράτην),
1303 2761 1349 2839 ὡς
1368 2758 1441 2826 οἶόν

295 2881 329 2925 τε
352 2860 504 2939 ἑπόμενοι
526 2867 564 2943 τῇ
588 2862 767 2946 σοφωτάτῃ
790 2864 910 2942 γνώμη.

395 2966 450 3027 Sed
474 2969 525 3044 qui
549 2977 618 3026 sunt
639 2963 669 3027 oi
692 2963 783 3028 ἄλλοι
806 2967 907 3044 σοφοὶ
940 2966 991 3029 καὶ
1025 2965 1155 3044 ἀληθεῖς
1189 2966 1330 3045 άνδρεςῖ
1348 2967 1441 3028 ‘Sunt

296 3065 399 3142 Gynioi
422 3075 451 3126 et
475 3067 578 3138 Stoici,
603 3087 728 3146 quorum
753 3070 939 3130 notissimum
968 3079 1014 3129 eat
1045 3072 1225 3148 paradoxon,
1257 3072 1309 3148 qni
1332 3072 1372 3128 ait
1394 3090 1441 3128 aa·

295 3168 389 3244 piene,
422 3169 545 3228 eundem
568 3186 632 3228 esse
654 3189 764 3246 regem.
809 3171 937 3231 Brevius
962 3172 1018 3230 Dio
1041 3172 1085 3230 IV
1100 3174 1157 3230 24:
1191 3167 1268 3231 οὐδὲ
1294 3166 1363 3230 ἔστι
1386 3169 1439 3245 βα-

295 3263 436 3329 σιλεύειν
458 3270 566 3345 κακῶς
590 3266 629 3330 οὐ
653 3269 775 3344 μᾶλλον
800 3267 819 3344 ἢ
849 3272 956 3348 κακῶς
983 3268 1106 3345 ἀγαθὸν
1134 3267 1222 3332 εἶναι.
1268 3273 1349 3330 Haeo
1372 3290 1439 3329 sen·

295 3370 389 3428 tentia
413 3371 560 3430 brevitate
576 3372 702 3446 insignia
726 3374 790 3432 sine
813 3373 903 3434 dnbio
920 3376 1042 3451 antiquo
1058 3383 1111 3433 est.
1157 3375 1251 3434 Porro
1269 3394 1295 3433 ν,
1311 3371 1393 3431 Lxrr
1405 3373 1438 3430 7:

295 3464 369 3531 οὔτε
393 3467 455 3546 γὰρ
478 3466 593 3547 ἄφρων
616 3470 766 3547 βασιλεὺς
792 3469 884 3534 ἔσται
916 3473 1004 3552 ποτέ,
1038 3472 1077 3535 οὐ
1110 3475 1233 3550 μᾶλλον
1263 3472 1282 3548 ἢ
1315 3470 1439 3549 τυφλὸς

293 3566 423 3644 ἡγεμὼν
446 3567 525 3632 ὁδοῦ
548 3569 665 3642 γένοιτ’
690 3568 738 3642 ἄν,
762 3568 836 3633 οὔτε
859 3569 978 3649 ἄδικος,
1002 3573 1040 3635 οὐ
1063 3576 1185 3650 μᾶλλον
1207 3572 1351 3649 ἢκανὼν
1365 3583 1438 3633 σκο-

295 3671 366 3748 λιὸς
387 3669 439 3732 καὶ
461 3668 576 3747 ἄνισος
601 3667 702 3733 ἄλλου
726 3670 972 3751 προσδεόμενος
996 3673 1146 3754 κανόνος,
1169 3673 1243 3737 οὔτε
1259 3672 1377 3751 δειλός,
1400 3669 1439 3734 οὐ

295 3773 416 3847 μᾶλλον
438 3769 457 3846 ἢ
481 3770 565 3834 λε’ων
588 3768 713 3847 ἐλάφου
736 3772 845 3851 λαβὼν
868 3773 976 3851 ψυχὴν
998 3775 1017 3850 ἢ
1040 3775 1174 3852 σίδηρος
1196 3776 1295 3850 κηροῦ
1311 3772 1363 3835 καὶ
1385 3790 1438 3848 μο-

294 3871 404 3951 λίβδου
430 3871 666 3949 μαλακώτερος.
710 3876 755 3934 De
784 3877 839 3934 hae
865 3897 897 3935 re
922 3879 985 3954 egit
1007 3879 1117 3938 Kaerst
1141 3881 1161 3937 l.
1186 3899 1209 3937 α.
1233 3898 1260 3954 p.
1275 3879 1334 3951 λ32,
1357 3897 1385 3936 n.
1411 3879 1437 3936 l.

296 3977 331 4036 F..
357 3977 469 4036 Weber
492 3996 520 4052 p.
539 3975 607 4050 158,
630 3976 680 4052 qui
703 3978 805 4036 attolit
828 3980 916 4036 etiarn
946 3980 1071 4056 Epictet.
1094 3980 1132 4037 ΙΙΙ
1151 3982 1236 4038 2234.
1283 3979 1328 4037 Ad
1346 3978 1438 4036 verba

296 4078 441 4136 orationis
465 4079 578 4156 primae
601 4077 737 4153 proxime
753 4079 897 4137 accedunt
912 4081 1006 4156 ipsius
1020 4082 1215 4152 Antisthenis,
1240 4081 1323 4139 ouius
1346 4081 1437 4139 inter·

293 4203 491 4212 ——--—--

395 4281 460 4336 1κὶα
478 4281 655 4336 scribendum
673 4299 731 4338 ease
749 4301 801 4354 pro
820 4286 924 4354 άρχων,
948 4288 1022 4355 quod
1039 4288 1118 4343 codd.
1138 4287 1249 4353 habent,
1271 4285 1366 4340 doouit
1388 4303 1432 4340 me

294 4368 407 4424 Usener.
