<?xml version="1.0" encoding="UTF-8"?>
<!DOCTYPE html PUBLIC "-//W3C//DTD XHTML 1.0 Transitional//EN"
    "http://www.w3.org/TR/xhtml1/DTD/xhtml1-transitional.dtd">
<html xmlns="http://www.w3.org/1999/xhtml" xml:lang="en" lang="en">
 <head>
  <title>
</title>
<meta http-equiv="Content-Type" content="text/html;charset=utf-8" />
  <meta name='ocr-system' content='tesseract 3.04.00' />
  <meta name='ocr-capabilities' content='ocr_page ocr_carea ocr_par ocr_line ocrx_word'/>
</head>
<body>
  <div class='ocr_page' id='page_1' title='image "./dedionischrysos00fiscgoog_0013.png"; bbox 0 0 3298 5024; ppageno 0'>
   <div class='ocr_carea' id='block_1_1' title="bbox 454 1144 1195 1232">
    <p class='ocr_par' dir='ltr' id='par_1_1' title="bbox 454 1144 1195 1232">
     <span class='ocr_line' id='line_1_1' title="bbox 454 1144 1195 1232; baseline -0.003 -18"><span class='ocrx_word' id='word_1_1' title='bbox 454 1144 484 1214; x_wconf 91' lang='lat'><strong>1.</strong></span> <span class='ocrx_word' id='word_1_2' title='bbox 508 1148 560 1214; x_wconf 80' lang='lat' dir='ltr'><strong>lle</strong></span> <span class='ocrx_word' id='word_1_3' title='bbox 581 1148 837 1232; x_wconf 78' lang='lat' dir='ltr'><strong>compositione</strong></span> <span class='ocrx_word' id='word_1_4' title='bbox 858 1147 1036 1213; x_wconf 78' lang='lat' dir='ltr'><strong>orationis</strong></span> <span class='ocrx_word' id='word_1_5' title='bbox 1057 1146 1195 1213; x_wconf 89' lang='lat' dir='ltr'><strong>tertiae.</strong></span> 
     </span>
    </p>
   </div>
   <div class='ocr_carea' id='block_1_2' title="bbox 180 1337 1397 4446">
    <p class='ocr_par' dir='ltr' id='par_1_2' title="bbox 354 1337 1397 1416">
     <span class='ocr_line' id='line_1_2' title="bbox 354 1337 1397 1416; baseline -0.006 -17"><span class='ocrx_word' id='word_1_6' title='bbox 354 1337 474 1416; x_wconf 88' lang='lat' dir='ltr'><strong>Optime</strong></span> <span class='ocrx_word' id='word_1_7' title='bbox 509 1339 547 1398; x_wconf 89' lang='lat' dir='ltr'><strong>de</strong></span> <span class='ocrx_word' id='word_1_8' title='bbox 571 1340 678 1399; x_wconf 84' lang='lat' dir='ltr'>Arnim</span> <span class='ocrx_word' id='word_1_9' title='bbox 710 1339 746 1398; x_wconf 89' lang='lat' dir='ltr'><strong>de</strong></span> <span class='ocrx_word' id='word_1_10' title='bbox 779 1345 925 1415; x_wconf 77' lang='lat' dir='ltr'><strong>tempore,</strong></span> <span class='ocrx_word' id='word_1_11' title='bbox 957 1357 1015 1416; x_wconf 94' lang='lat' dir='ltr'><strong>quo</strong></span> <span class='ocrx_word' id='word_1_12' title='bbox 1038 1338 1173 1414; x_wconf 79' lang='lat' dir='ltr'>singulae</span> <span class='ocrx_word' id='word_1_13' title='bbox 1207 1338 1397 1396; x_wconf 88' lang='lat' dir='ltr'><strong>orationesa</strong></span> 
     </span>
    </p>

    <p class='ocr_par' dir='ltr' id='par_1_3' title="bbox 180 1421 1396 3336">
     <span class='ocr_line' id='line_1_3' title="bbox 255 1421 1395 1518; baseline -0.002 -20"><span class='ocrx_word' id='word_1_14' title='bbox 255 1441 349 1500; x_wconf 89' lang='lat' dir='ltr'><strong>Dione</strong></span> <span class='ocrx_word' id='word_1_15' title='bbox 381 1441 432 1500; x_wconf 87' lang='lat' dir='ltr'><strong>vel</strong></span> <span class='ocrx_word' id='word_1_16' title='bbox 455 1441 582 1518; x_wconf 79' lang='lat' dir='ltr'><strong>scriptae</strong></span> <span class='ocrx_word' id='word_1_17' title='bbox 612 1441 662 1500; x_wconf 82' lang='lat' dir='ltr'><strong>vel</strong></span> <span class='ocrx_word' id='word_1_18' title='bbox 692 1440 813 1500; x_wconf 88' lang='lat' dir='ltr'><strong>habitae</strong></span> <span class='ocrx_word' id='word_1_19' title='bbox 847 1447 925 1509; x_wconf 81' lang='lat' dir='ltr'><strong>snut,</strong></span> <span class='ocrx_word' id='word_1_20' title='bbox 957 1437 1163 1499; x_wconf 88' lang='lat' dir='ltr'><strong>constituendo</strong></span> <span class='ocrx_word' id='word_1_21' title='bbox 1191 1421 1314 1498; x_wconf 86' lang='lat' dir='ltr'><strong>meritus</strong></span> <span class='ocrx_word' id='word_1_22' title='bbox 1342 1444 1395 1497; x_wconf 87' lang='lat' dir='ltr'><strong>est.</strong></span> 
     </span>
     <span class='ocr_line' id='line_1_4' title="bbox 254 1537 1396 1618; baseline -0.007 -16"><span class='ocrx_word' id='word_1_23' title='bbox 254 1540 377 1602; x_wconf 75' lang='lat' dir='ltr'><strong>Constat</strong></span> <span class='ocrx_word' id='word_1_24' title='bbox 409 1542 574 1600; x_wconf 89' lang='lat' dir='ltr'><strong>orationem</strong></span> <span class='ocrx_word' id='word_1_25' title='bbox 605 1543 724 1601; x_wconf 81' lang='lat' dir='ltr'><strong>tertiam</strong></span> <span class='ocrx_word' id='word_1_26' title='bbox 760 1562 818 1601; x_wconf 93' lang='lat' dir='ltr'><strong>uon</strong></span> <span class='ocrx_word' id='word_1_27' title='bbox 839 1541 1028 1618; x_wconf 79' lang='lat' dir='ltr'>Vespasiano,</span> <span class='ocrx_word' id='word_1_28' title='bbox 1062 1547 1096 1600; x_wconf 90' lang='lat' dir='ltr'><strong>ut</strong></span> <span class='ocrx_word' id='word_1_29' title='bbox 1116 1538 1249 1598; x_wconf 86' lang='lat' dir='ltr'><strong>Arethae</strong></span> <span class='ocrx_word' id='word_1_30' title='bbox 1283 1537 1396 1596; x_wconf 87' lang='lat' dir='ltr'><strong>scholia</strong></span> 
     </span>
     <span class='ocr_line' id='line_1_5' title="bbox 254 1638 1394 1720; baseline -0.007 -18"><span class='ocrx_word' id='word_1_31' title='bbox 254 1638 380 1720; x_wconf 75' lang='lat' dir='ltr'><strong>(sorny,</strong></span> <span class='ocrx_word' id='word_1_32' title='bbox 403 1642 548 1702; x_wconf 78' lang='lat' dir='ltr'><strong>Analecta</strong></span> <span class='ocrx_word' id='word_1_33' title='bbox 564 1663 592 1718; x_wconf 93' lang='lat' dir='ltr'><strong>p.</strong></span> <span class='ocrx_word' id='word_1_34' title='bbox 609 1638 661 1716; x_wconf 85' lang='lat'><strong>98)</strong></span> <span class='ocrx_word' id='word_1_35' title='bbox 686 1643 815 1712; x_wconf 83' lang='lat' dir='ltr'><strong>tradunt,</strong></span> <span class='ocrx_word' id='word_1_36' title='bbox 838 1643 890 1701; x_wconf 90' lang='lat' dir='ltr'><strong>sed</strong></span> <span class='ocrx_word' id='word_1_37' title='bbox 913 1643 1040 1702; x_wconf 80' lang='lat' dir='ltr'><strong>Traiano</strong></span> <span class='ocrx_word' id='word_1_38' title='bbox 1063 1642 1242 1719; x_wconf 84' lang='lat' dir='ltr'><strong>imperatore</strong></span> <span class='ocrx_word' id='word_1_39' title='bbox 1262 1639 1394 1699; x_wconf 83' lang='lat' dir='ltr'><strong>habitam</strong></span> 
     </span>
     <span class='ocr_line' id='line_1_6' title="bbox 253 1743 1395 1821; baseline -0.004 -19"><span class='ocrx_word' id='word_1_40' title='bbox 253 1763 329 1813; x_wconf 88' lang='lat' dir='ltr'><strong>esse,</strong></span> <span class='ocrx_word' id='word_1_41' title='bbox 352 1765 386 1803; x_wconf 91' lang='lat' dir='ltr'><strong>ac</strong></span> <span class='ocrx_word' id='word_1_42' title='bbox 410 1744 484 1803; x_wconf 89' lang='lat' dir='ltr'><strong>mihi</strong></span> <span class='ocrx_word' id='word_1_43' title='bbox 507 1743 626 1821; x_wconf 90' lang='lat' dir='ltr'><strong>quidem</strong></span> <span class='ocrx_word' id='word_1_44' title='bbox 649 1745 723 1802; x_wconf 86' lang='lat' dir='ltr'><strong>satis</strong></span> <span class='ocrx_word' id='word_1_45' title='bbox 746 1745 885 1820; x_wconf 90' lang='lat' dir='ltr'><strong>probavit</strong></span> <span class='ocrx_word' id='word_1_46' title='bbox 908 1743 943 1802; x_wconf 91' lang='lat' dir='ltr'><strong>de</strong></span> <span class='ocrx_word' id='word_1_47' title='bbox 961 1745 1062 1802; x_wconf 84' lang='lat' dir='ltr'><strong>Arnim</strong></span> <span class='ocrx_word' id='word_1_48' title='bbox 1085 1743 1216 1801; x_wconf 82' lang='lat' dir='ltr'><strong>habitam</strong></span> <span class='ocrx_word' id='word_1_49' title='bbox 1241 1748 1308 1818; x_wconf 91' lang='lat' dir='ltr'><strong>post</strong></span> <span class='ocrx_word' id='word_1_50' title='bbox 1332 1759 1395 1799; x_wconf 90' lang='lat' dir='ltr'><strong>ora·</strong></span> 
     </span>
     <span class='ocr_line' id='line_1_7' title="bbox 252 1840 1395 1922; baseline -0.004 -18"><span class='ocrx_word' id='word_1_51' title='bbox 252 1847 363 1905; x_wconf 89' lang='lat' dir='ltr'><strong>tionem</strong></span> <span class='ocrx_word' id='word_1_52' title='bbox 387 1845 411 1916; x_wconf 87' lang='lat'><strong>1,</strong></span> <span class='ocrx_word' id='word_1_53' title='bbox 434 1865 487 1904; x_wconf 89' lang='lat' dir='ltr'><strong>neo</strong></span> <span class='ocrx_word' id='word_1_54' title='bbox 512 1865 570 1905; x_wconf 91' lang='lat' dir='ltr'><strong>non</strong></span> <span class='ocrx_word' id='word_1_55' title='bbox 593 1845 692 1922; x_wconf 81' lang='lat' dir='ltr'><strong>planet</strong></span> <span class='ocrx_word' id='word_1_56' title='bbox 714 1845 906 1920; x_wconf 86' lang='lat' dir='ltr'><strong>sagacissima</strong></span> <span class='ocrx_word' id='word_1_57' title='bbox 921 1844 1054 1903; x_wconf 88' lang='lat' dir='ltr'><strong>eiusdem</strong></span> <span class='ocrx_word' id='word_1_58' title='bbox 1070 1844 1240 1905; x_wconf 88' lang='lat' dir='ltr'><strong>coniectura</strong></span> <span class='ocrx_word' id='word_1_59' title='bbox 1257 1840 1318 1919; x_wconf 88' lang='lat' dir='ltr'><strong>(pp.</strong></span> <span class='ocrx_word' id='word_1_60' title='bbox 1334 1841 1395 1900; x_wconf 83' lang='lat'><strong>400</strong></span> 
     </span>
     <span class='ocr_line' id='line_1_8' title="bbox 254 1940 1395 2025; baseline -0.004 -21"><span class='ocrx_word' id='word_1_61' title='bbox 254 1940 373 2022; x_wconf 83' lang='lat'>-405)</span> <span class='ocrx_word' id='word_1_62' title='bbox 396 1947 550 2008; x_wconf 82' lang='lat' dir='ltr'><strong>orationes¹</strong></span> <span class='ocrx_word' id='word_1_63' title='bbox 572 1946 617 2007; x_wconf 91' lang='lat' dir='ltr'><strong>IV</strong></span> <span class='ocrx_word' id='word_1_64' title='bbox 633 1953 663 2005; x_wconf 86' lang='lat' dir='ltr'><strong>et</strong></span> <span class='ocrx_word' id='word_1_65' title='bbox 686 1945 734 2004; x_wconf 92' lang='lat' dir='ltr'><strong>III</strong></span> <span class='ocrx_word' id='word_1_66' title='bbox 762 1947 847 2025; x_wconf 88' lang='lat' dir='ltr'><strong>qnasi</strong></span> <span class='ocrx_word' id='word_1_67' title='bbox 870 1946 1083 2022; x_wconf 88' lang='lat' dir='ltr'><strong>gratulatorias</strong></span> <span class='ocrx_word' id='word_1_68' title='bbox 1106 1945 1233 2022; x_wconf 89' lang='lat' dir='ltr'><strong>primum</strong></span> <span class='ocrx_word' id='word_1_69' title='bbox 1256 1943 1395 2002; x_wconf 86' lang='lat' dir='ltr'><strong>recitatas</strong></span> 
     </span>
     <span class='ocr_line' id='line_1_9' title="bbox 255 2045 1395 2124; baseline -0.004 -18"><span class='ocrx_word' id='word_1_70' title='bbox 255 2066 320 2106; x_wconf 90' lang='lat' dir='ltr'><strong>esse</strong></span> <span class='ocrx_word' id='word_1_71' title='bbox 342 2066 440 2107; x_wconf 88' lang='lat' dir='ltr'><strong>eoram</strong></span> <span class='ocrx_word' id='word_1_72' title='bbox 461 2048 527 2124; x_wconf 91' lang='lat' dir='ltr'><strong>ipso</strong></span> <span class='ocrx_word' id='word_1_73' title='bbox 548 2048 726 2124; x_wconf 88' lang='lat' dir='ltr'><strong>imperatore</strong></span> <span class='ocrx_word' id='word_1_74' title='bbox 748 2047 778 2105; x_wconf 91' lang='lat' dir='ltr'><strong>in</strong></span> <span class='ocrx_word' id='word_1_75' title='bbox 801 2065 908 2123; x_wconf 91' lang='lat' dir='ltr'><strong>magna</strong></span> <span class='ocrx_word' id='word_1_76' title='bbox 930 2048 1063 2107; x_wconf 84' lang='lat' dir='ltr'><strong>virorum</strong></span> <span class='ocrx_word' id='word_1_77' title='bbox 1079 2045 1242 2105; x_wconf 82' lang='lat' dir='ltr'><strong>illustrium</strong></span> <span class='ocrx_word' id='word_1_78' title='bbox 1258 2045 1395 2110; x_wconf 86' lang='lat' dir='ltr'><strong>contione</strong></span> 
     </span>
     <span class='ocr_line' id='line_1_10' title="bbox 253 2127 1394 2226; baseline -0.004 -18"><span class='ocrx_word' id='word_1_79' title='bbox 253 2149 387 2208; x_wconf 86' lang='lat' dir='ltr'><strong>solemni</strong></span> <span class='ocrx_word' id='word_1_80' title='bbox 403 2148 450 2208; x_wconf 89' lang='lat' dir='ltr'><strong>dic</strong></span> <span class='ocrx_word' id='word_1_81' title='bbox 472 2150 548 2208; x_wconf 83' lang='lat' dir='ltr'><strong>festo</strong></span> <span class='ocrx_word' id='word_1_82' title='bbox 572 2148 694 2226; x_wconf 79' lang='lat' dir='ltr'><strong>geniali,</strong></span> <span class='ocrx_word' id='word_1_83' title='bbox 728 2148 748 2208; x_wconf 90' lang='lat' dir='ltr'><strong>i.</strong></span> <span class='ocrx_word' id='word_1_84' title='bbox 772 2169 797 2207; x_wconf 93' lang='lat' dir='ltr'><strong>e.</strong></span> <span class='ocrx_word' id='word_1_85' title='bbox 821 2149 923 2222; x_wconf 83' lang='lat' dir='ltr'><strong>natali,</strong></span> <span class='ocrx_word' id='word_1_86' title='bbox 958 2149 1089 2226; x_wconf 85' lang='lat' dir='ltr'><strong>Traiani,</strong></span> <span class='ocrx_word' id='word_1_87' title='bbox 1117 2167 1143 2208; x_wconf 89' lang='lat' dir='ltr'><strong>a.</strong></span> <span class='ocrx_word' id='word_1_88' title='bbox 1167 2147 1195 2208; x_wconf 90' lang='lat' dir='ltr'><strong>d.</strong></span> <span class='ocrx_word' id='word_1_89' title='bbox 1220 2146 1302 2205; x_wconf 88' lang='lat' dir='ltr'><strong>XIV.</strong></span> <span class='ocrx_word' id='word_1_90' title='bbox 1324 2127 1394 2204; x_wconf 71' lang='lat' dir='ltr'><strong>Kar</strong></span> 
     </span>
     <span class='ocr_line' id='line_1_11' title="bbox 253 2248 1159 2330; baseline -0.003 -20"><span class='ocrx_word' id='word_1_91' title='bbox 253 2248 331 2324; x_wconf 83' lang='lat' dir='ltr'><strong>Oct,</strong></span> <span class='ocrx_word' id='word_1_92' title='bbox 355 2256 443 2328; x_wconf 87' lang='lat' dir='ltr'><strong>atque</strong></span> <span class='ocrx_word' id='word_1_93' title='bbox 468 2269 509 2310; x_wconf 90' lang='lat' dir='ltr'><strong>or.</strong></span> <span class='ocrx_word' id='word_1_94' title='bbox 533 2250 573 2330; x_wconf 70' lang='lat' dir='ltr'><strong>Ill</strong></span> <span class='ocrx_word' id='word_1_95' title='bbox 598 2270 624 2310; x_wconf 92' lang='lat' dir='ltr'><strong>a.</strong></span> <span class='ocrx_word' id='word_1_96' title='bbox 651 2270 680 2327; x_wconf 94' lang='lat' dir='ltr'><strong>p.</strong></span> <span class='ocrx_word' id='word_1_97' title='bbox 703 2248 771 2310; x_wconf 77' lang='lat' dir='ltr'><strong>(ihr.</strong></span> <span class='ocrx_word' id='word_1_98' title='bbox 795 2249 876 2324; x_wconf 83' lang='lat' dir='ltr'><strong>CIII,</strong></span> <span class='ocrx_word' id='word_1_99' title='bbox 900 2271 942 2308; x_wconf 92' lang='lat' dir='ltr'><strong>or.</strong></span> <span class='ocrx_word' id='word_1_100' title='bbox 967 2250 1012 2313; x_wconf 70' lang='grc' dir='ltr'>ΙΙΙ,</span> <span class='ocrx_word' id='word_1_101' title='bbox 1034 2270 1058 2309; x_wconf 87' lang='lat' dir='ltr'><strong>a.</strong></span> <span class='ocrx_word' id='word_1_102' title='bbox 1083 2249 1159 2309; x_wconf 86' lang='lat' dir='ltr'>CIV.</span> 
     </span>
     <span class='ocr_line' id='line_1_12' title="bbox 248 2348 1393 2425; baseline -0.004 -15"><span class='ocrx_word' id='word_1_103' title='bbox 248 2413 251 2418; x_wconf 70' lang='grc'>,</span> <span class='ocrx_word' id='word_1_104' title='bbox 352 2352 425 2410; x_wconf 83' lang='lat' dir='ltr'><strong>Eam</strong></span> <span class='ocrx_word' id='word_1_105' title='bbox 447 2353 555 2412; x_wconf 88' lang='lat' dir='ltr'><strong>scimus</strong></span> <span class='ocrx_word' id='word_1_106' title='bbox 579 2371 616 2410; x_wconf 85' lang='lat' dir='ltr'><strong>ex</strong></span> <span class='ocrx_word' id='word_1_107' title='bbox 640 2351 772 2409; x_wconf 83' lang='lat' dir='ltr'><strong>Platonis</strong></span> <span class='ocrx_word' id='word_1_108' title='bbox 798 2351 964 2425; x_wconf 85' lang='lat' dir='ltr'><strong>Protagora</strong></span> <span class='ocrx_word' id='word_1_109' title='bbox 986 2369 1051 2408; x_wconf 85' lang='lat' dir='ltr'><strong>esse</strong></span> <span class='ocrx_word' id='word_1_110' title='bbox 1074 2357 1168 2408; x_wconf 89' lang='lat' dir='ltr'><strong>artem</strong></span> <span class='ocrx_word' id='word_1_111' title='bbox 1191 2348 1393 2425; x_wconf 79' lang='lat' dir='ltr'><strong>sophisticam,</strong></span> 
     </span>
     <span class='ocr_line' id='line_1_13' title="bbox 253 2450 1394 2530; baseline -0.003 -20"><span class='ocrx_word' id='word_1_112' title='bbox 253 2470 328 2530; x_wconf 88' lang='lat' dir='ltr'><strong>qnae</strong></span> <span class='ocrx_word' id='word_1_113' title='bbox 351 2452 387 2510; x_wconf 90' lang='lat' dir='ltr'><strong>de</strong></span> <span class='ocrx_word' id='word_1_114' title='bbox 411 2452 547 2512; x_wconf 89' lang='lat' dir='ltr'><strong>omnibns</strong></span> <span class='ocrx_word' id='word_1_115' title='bbox 570 2451 659 2510; x_wconf 90' lang='lat' dir='ltr'><strong>rebus</strong></span> <span class='ocrx_word' id='word_1_116' title='bbox 682 2457 771 2528; x_wconf 88' lang='lat' dir='ltr'><strong>prout</strong></span> <span class='ocrx_word' id='word_1_117' title='bbox 795 2457 847 2509; x_wconf 89' lang='lat' dir='ltr'><strong>aut</strong></span> <span class='ocrx_word' id='word_1_118' title='bbox 869 2451 980 2510; x_wconf 88' lang='lat' dir='ltr'><strong>oratori</strong></span> <span class='ocrx_word' id='word_1_119' title='bbox 1004 2453 1032 2509; x_wconf 89' lang='lat' dir='ltr'><strong>in</strong></span> <span class='ocrx_word' id='word_1_120' title='bbox 1049 2457 1176 2510; x_wconf 88' lang='lat' dir='ltr'><strong>mentem</strong></span> <span class='ocrx_word' id='word_1_121' title='bbox 1200 2450 1320 2509; x_wconf 81' lang='lat' dir='ltr'><strong>remant</strong></span> <span class='ocrx_word' id='word_1_122' title='bbox 1343 2456 1394 2507; x_wconf 91' lang='lat' dir='ltr'><strong>ant</strong></span> 
     </span>
     <span class='ocr_line' id='line_1_14' title="bbox 251 2537 1393 2632; baseline -0.001 -20"><span class='ocrx_word' id='word_1_123' title='bbox 251 2553 288 2612; x_wconf 89' lang='lat' dir='ltr'><strong>ab</strong></span> <span class='ocrx_word' id='word_1_124' title='bbox 312 2553 501 2612; x_wconf 86' lang='lat' dir='ltr'><strong>audientibus</strong></span> <span class='ocrx_word' id='word_1_125' title='bbox 523 2562 737 2631; x_wconf 84' lang='lat' dir='ltr'><strong>proponantur,</strong></span> <span class='ocrx_word' id='word_1_126' title='bbox 757 2537 870 2614; x_wconf 44' lang='lat' dir='ltr'><strong>&#39;statim</strong></span> <span class='ocrx_word' id='word_1_127' title='bbox 902 2557 966 2630; x_wconf 82' lang='lat' dir='ltr'><strong>sine</strong></span> <span class='ocrx_word' id='word_1_128' title='bbox 988 2555 1179 2615; x_wconf 85' lang='lat' dir='ltr'><strong>meditatione</strong></span> <span class='ocrx_word' id='word_1_129' title='bbox 1207 2556 1289 2632; x_wconf 89' lang='lat' dir='ltr'><strong>loqui</strong></span> <span class='ocrx_word' id='word_1_130' title='bbox 1312 2555 1393 2612; x_wconf 89' lang='lat' dir='ltr'><strong>scint.</strong></span> 
     </span>
     <span class='ocr_line' id='line_1_15' title="bbox 251 2652 1393 2734; baseline 0 -23"><span class='ocrx_word' id='word_1_131' title='bbox 251 2653 355 2732; x_wconf 87' lang='lat' dir='ltr'><strong>ltaque</strong></span> <span class='ocrx_word' id='word_1_132' title='bbox 372 2652 429 2714; x_wconf 92' lang='lat' dir='ltr'><strong>Dio</strong></span> <span class='ocrx_word' id='word_1_133' title='bbox 448 2674 565 2731; x_wconf 91' lang='lat' dir='ltr'><strong>quoque</strong></span> <span class='ocrx_word' id='word_1_134' title='bbox 580 2655 689 2734; x_wconf 88' lang='lat' dir='ltr'><strong>aliique</strong></span> <span class='ocrx_word' id='word_1_135' title='bbox 713 2658 776 2714; x_wconf 90' lang='lat' dir='ltr'><strong>eius</strong></span> <span class='ocrx_word' id='word_1_136' title='bbox 803 2657 880 2714; x_wconf 91' lang='lat' dir='ltr'><strong>modi</strong></span> <span class='ocrx_word' id='word_1_137' title='bbox 907 2657 1068 2728; x_wconf 85' lang='lat' dir='ltr'><strong>scriptores</strong></span> <span class='ocrx_word' id='word_1_138' title='bbox 1092 2674 1180 2730; x_wconf 89' lang='lat' dir='ltr'><strong>saepe</strong></span> <span class='ocrx_word' id='word_1_139' title='bbox 1204 2675 1260 2712; x_wconf 88' lang='lat' dir='ltr'><strong>nou</strong></span> <span class='ocrx_word' id='word_1_140' title='bbox 1281 2663 1393 2712; x_wconf 88' lang='lat' dir='ltr'><strong>certum</strong></span> 
     </span>
     <span class='ocr_line' id='line_1_16' title="bbox 250 2748 1393 2831; baseline -0.001 -18"><span class='ocrx_word' id='word_1_141' title='bbox 250 2774 347 2814; x_wconf 89' lang='lat' dir='ltr'><strong>rerum</strong></span> <span class='ocrx_word' id='word_1_142' title='bbox 371 2756 503 2815; x_wconf 89' lang='lat' dir='ltr'><strong>ordinem</strong></span> <span class='ocrx_word' id='word_1_143' title='bbox 525 2763 670 2823; x_wconf 86' lang='lat' dir='ltr'><strong>secuntur,</strong></span> <span class='ocrx_word' id='word_1_144' title='bbox 694 2755 746 2813; x_wconf 87' lang='lat' dir='ltr'><strong>sed</strong></span> <span class='ocrx_word' id='word_1_145' title='bbox 769 2756 909 2813; x_wconf 87' lang='lat' dir='ltr'><strong>aberrant</strong></span> <span class='ocrx_word' id='word_1_146' title='bbox 932 2755 1017 2831; x_wconf 84' lang='lat' dir='ltr'><strong>quasi</strong></span> <span class='ocrx_word' id='word_1_147' title='bbox 1040 2775 1057 2812; x_wconf 90' lang='lat' dir='ltr'><strong>a</strong></span> <span class='ocrx_word' id='word_1_148' title='bbox 1078 2755 1127 2812; x_wconf 87' lang='lat' dir='ltr'><strong>via</strong></span> <span class='ocrx_word' id='word_1_149' title='bbox 1142 2750 1336 2826; x_wconf 80' lang='grc' dir='ltr'>(πλανῶνται</span> <span class='ocrx_word' id='word_1_150' title='bbox 1359 2748 1393 2812; x_wconf 81' lang='grc' dir='ltr'><strong>ἐν</strong></span> 
     </span>
     <span class='ocr_line' id='line_1_17' title="bbox 249 2844 1392 2931; baseline -0.003 -15"><span class='ocrx_word' id='word_1_151' title='bbox 249 2855 316 2930; x_wconf 79' lang='grc' dir='ltr'><strong>τοῖς</strong></span> <span class='ocrx_word' id='word_1_152' title='bbox 332 2851 457 2930; x_wconf 57' lang='lat' dir='ltr'><strong>teron:</strong></span> <span class='ocrx_word' id='word_1_153' title='bbox 486 2844 615 2914; x_wconf 67' lang='lat' dir='ltr'><strong>crexit</strong></span> <span class='ocrx_word' id='word_1_154' title='bbox 635 2857 679 2914; x_wconf 84' lang='lat' dir='ltr'><strong>ro.</strong></span> <span class='ocrx_word' id='word_1_155' title='bbox 696 2856 745 2914; x_wconf 79' lang='lat' dir='ltr'><strong>aa.</strong></span> <span class='ocrx_word' id='word_1_156' title='bbox 770 2854 826 2912; x_wconf 79' lang='lat' dir='ltr'><strong>vn</strong></span> <span class='ocrx_word' id='word_1_157' title='bbox 849 2859 872 2912; x_wconf 88' lang='grc' dir='ltr'><strong>ι.</strong></span> <span class='ocrx_word' id='word_1_158' title='bbox 900 2855 1072 2913; x_wconf 81' lang='lat' dir='ltr'><strong>rar-129.</strong></span> <span class='ocrx_word' id='word_1_159' title='bbox 1096 2854 1132 2912; x_wconf 78' lang='lat' dir='ltr'><strong>ce</strong></span> <span class='ocrx_word' id='word_1_160' title='bbox 1147 2856 1250 2912; x_wconf 75' lang='lat' dir='ltr'><strong>Arnim</strong></span> <span class='ocrx_word' id='word_1_161' title='bbox 1266 2874 1314 2931; x_wconf 83' lang='lat' dir='ltr'><strong>pp.</strong></span> <span class='ocrx_word' id='word_1_162' title='bbox 1332 2855 1392 2912; x_wconf 73' lang='lat' dir='ltr'><strong>carr</strong></span> 
     </span>
     <span class='ocr_line' id='line_1_18' title="bbox 180 2950 1388 3033; baseline -0.001 -18"><span class='ocrx_word' id='word_1_163' title='bbox 180 2952 183 2958; x_wconf 80' lang='grc'><strong>’</strong></span> <span class='ocrx_word' id='word_1_164' title='bbox 252 2950 366 3031; x_wconf 84' lang='grc'>-443)</span> <span class='ocrx_word' id='word_1_165' title='bbox 389 2964 439 3015; x_wconf 90' lang='lat' dir='ltr'><strong>aut</strong></span> <span class='ocrx_word' id='word_1_166' title='bbox 469 2958 556 3015; x_wconf 88' lang='lat' dir='ltr'><strong>etiam</strong></span> <span class='ocrx_word' id='word_1_167' title='bbox 579 2957 713 3015; x_wconf 89' lang='lat' dir='ltr'><strong>consulto</strong></span> <span class='ocrx_word' id='word_1_168' title='bbox 736 2956 957 3015; x_wconf 88' lang='lat' dir='ltr'><strong>narrationibus</strong></span> <span class='ocrx_word' id='word_1_169' title='bbox 984 2957 1079 3033; x_wconf 90' lang='lat' dir='ltr'><strong>magis</strong></span> <span class='ocrx_word' id='word_1_170' title='bbox 1104 2957 1251 3014; x_wconf 83' lang='lat' dir='ltr'><strong>delectare</strong></span> <span class='ocrx_word' id='word_1_171' title='bbox 1273 2957 1388 3016; x_wconf 90' lang='lat' dir='ltr'><strong>animos</strong></span> 
     </span>
     <span class='ocr_line' id='line_1_19' title="bbox 250 3056 1390 3135; baseline 0.002 -19"><span class='ocrx_word' id='word_1_172' title='bbox 250 3077 338 3134; x_wconf 92' lang='lat' dir='ltr'><strong>quam</strong></span> <span class='ocrx_word' id='word_1_173' title='bbox 361 3058 474 3116; x_wconf 87' lang='lat' dir='ltr'><strong>severis</strong></span> <span class='ocrx_word' id='word_1_174' title='bbox 496 3056 702 3134; x_wconf 88' lang='lat' dir='ltr'><strong>philosophiae</strong></span> <span class='ocrx_word' id='word_1_175' title='bbox 725 3058 892 3135; x_wconf 86' lang='lat' dir='ltr'><strong>praeceptis</strong></span> <span class='ocrx_word' id='word_1_176' title='bbox 915 3057 1072 3116; x_wconf 84' lang='lat' dir='ltr'><strong>admonere</strong></span> <span class='ocrx_word' id='word_1_177' title='bbox 1103 3077 1133 3116; x_wconf 85' lang='lat' dir='ltr'><strong>sa</strong></span> <span class='ocrx_word' id='word_1_178' title='bbox 1161 3057 1240 3116; x_wconf 90' lang='lat' dir='ltr'><strong>velle</strong></span> <span class='ocrx_word' id='word_1_179' title='bbox 1266 3059 1390 3134; x_wconf 86' lang='lat' dir='ltr'><strong>fingunt.</strong></span> 
     </span>
     <span class='ocr_line' id='line_1_20' title="bbox 250 3157 1393 3236; baseline 0.001 -23"><span class='ocrx_word' id='word_1_180' title='bbox 250 3157 352 3235; x_wconf 89' lang='lat' dir='ltr'><strong>ltaque</strong></span> <span class='ocrx_word' id='word_1_181' title='bbox 375 3178 392 3214; x_wconf 94' lang='lat' dir='ltr'><strong>a</strong></span> <span class='ocrx_word' id='word_1_182' title='bbox 415 3157 514 3234; x_wconf 90' lang='lat' dir='ltr'><strong>lepida</strong></span> <span class='ocrx_word' id='word_1_183' title='bbox 536 3159 759 3218; x_wconf 88' lang='lat' dir='ltr'><strong>narratiuncula</strong></span> <span class='ocrx_word' id='word_1_184' title='bbox 779 3159 829 3218; x_wconf 86' lang='lat' dir='ltr'><strong>vel</strong></span> <span class='ocrx_word' id='word_1_185' title='bbox 853 3159 882 3217; x_wconf 91' lang='lat' dir='ltr'><strong>in</strong></span> <span class='ocrx_word' id='word_1_186' title='bbox 906 3159 970 3236; x_wconf 89' lang='lat' dir='ltr'><strong>ipso</strong></span> <span class='ocrx_word' id='word_1_187' title='bbox 993 3159 1106 3218; x_wconf 89' lang='lat' dir='ltr'><strong>illustri</strong></span> <span class='ocrx_word' id='word_1_188' title='bbox 1129 3158 1183 3216; x_wconf 92' lang='lat' dir='ltr'><strong>illo</strong></span> <span class='ocrx_word' id='word_1_189' title='bbox 1207 3177 1293 3234; x_wconf 92' lang='lat' dir='ltr'><strong>quem</strong></span> <span class='ocrx_word' id='word_1_190' title='bbox 1317 3157 1393 3215; x_wconf 81' lang='lat' dir='ltr'><strong>dixi·</strong></span> 
     </span>
     <span class='ocr_line' id='line_1_21' title="bbox 250 3258 762 3336; baseline 0.002 -19"><span class='ocrx_word' id='word_1_191' title='bbox 250 3258 315 3317; x_wconf 90' lang='lat' dir='ltr'><strong>mus</strong></span> <span class='ocrx_word' id='word_1_192' title='bbox 338 3278 476 3318; x_wconf 89' lang='lat' dir='ltr'><strong>consessu</strong></span> <span class='ocrx_word' id='word_1_193' title='bbox 500 3261 631 3336; x_wconf 89' lang='lat' dir='ltr'><strong>incipere</strong></span> <span class='ocrx_word' id='word_1_194' title='bbox 657 3260 762 3318; x_wconf 87' lang='lat' dir='ltr'><strong>voluit.</strong></span> 
     </span>
    </p>

    <p class='ocr_par' dir='ltr' id='par_1_4' title="bbox 221 3353 1394 4446">
     <span class='ocr_line' id='line_1_22' title="bbox 348 3353 1394 3438; baseline 0.002 -22"><span class='ocrx_word' id='word_1_195' title='bbox 348 3355 364 3432; x_wconf 71' lang='grc' dir='ltr'><strong>ξ</strong></span> <span class='ocrx_word' id='word_1_196' title='bbox 387 3361 415 3416; x_wconf 87' lang='grc'><strong>3.</strong></span> <span class='ocrx_word' id='word_1_197' title='bbox 459 3360 646 3438; x_wconf 85' lang='lat' dir='ltr'><strong>Wegehaupt</strong></span> <span class='ocrx_word' id='word_1_198' title='bbox 662 3367 728 3436; x_wconf 84' lang='lat' dir='ltr'><strong>post</strong></span> <span class='ocrx_word' id='word_1_199' title='bbox 744 3361 854 3419; x_wconf 82' lang='lat' dir='ltr'><strong>verba:</strong></span> <span class='ocrx_word' id='word_1_200' title='bbox 878 3356 1032 3432; x_wconf 81' lang='grc' dir='ltr'>ἐλέγχους</span> <span class='ocrx_word' id='word_1_201' title='bbox 1055 3354 1289 3434; x_wconf 86' lang='grc' dir='ltr'>ὑπολαμβάνων</span> <span class='ocrx_word' id='word_1_202' title='bbox 1314 3353 1394 3419; x_wconf 81' lang='grc' dir='ltr'>εἶναι</span> 
     </span>
     <span class='ocr_line' id='line_1_23' title="bbox 249 3455 1393 3538; baseline 0.001 -20"><span class='ocrx_word' id='word_1_203' title='bbox 249 3461 306 3532; x_wconf 84' lang='grc' dir='ltr'><strong>τῆς</strong></span> <span class='ocrx_word' id='word_1_204' title='bbox 330 3455 446 3534; x_wconf 82' lang='grc' dir='ltr'>ἀρετῆς</span> <span class='ocrx_word' id='word_1_205' title='bbox 473 3480 616 3520; x_wconf 86' lang='lat' dir='ltr'><strong>conexum</strong></span> <span class='ocrx_word' id='word_1_206' title='bbox 650 3462 825 3538; x_wconf 87' lang='lat' dir='ltr'><strong>interrumpi</strong></span> <span class='ocrx_word' id='word_1_207' title='bbox 851 3468 947 3538; x_wconf 67' lang='lat' dir='ltr'><strong>‘putat</strong></span> <span class='ocrx_word' id='word_1_208' title='bbox 979 3462 1100 3538; x_wconf 33' lang='lat' dir='ltr'><strong>ita,·ut</strong></span> <span class='ocrx_word' id='word_1_209' title='bbox 1133 3458 1191 3519; x_wconf 88' lang='lat' dir='ltr'><strong>Dio</strong></span> <span class='ocrx_word' id='word_1_210' title='bbox 1225 3461 1323 3518; x_wconf 88' lang='lat' dir='ltr'><strong>subito</strong></span> <span class='ocrx_word' id='word_1_211' title='bbox 1357 3460 1393 3519; x_wconf 90' lang='lat' dir='ltr'><strong>de</strong></span> 
     </span>
     <span class='ocr_line' id='line_1_24' title="bbox 248 3561 1390 3642; baseline -0.001 -23"><span class='ocrx_word' id='word_1_212' title='bbox 248 3561 317 3620; x_wconf 89' lang='lat' dir='ltr'><strong>boni</strong></span> <span class='ocrx_word' id='word_1_213' title='bbox 345 3563 425 3636; x_wconf 90' lang='lat' dir='ltr'><strong>regis</strong></span> <span class='ocrx_word' id='word_1_214' title='bbox 457 3569 535 3621; x_wconf 87' lang='lat' dir='ltr'><strong>statu</strong></span> <span class='ocrx_word' id='word_1_215' title='bbox 564 3565 711 3642; x_wconf 89' lang='lat' dir='ltr'><strong>loquatur.</strong></span> <span class='ocrx_word' id='word_1_216' title='bbox 769 3564 807 3622; x_wconf 92' lang='lat' dir='ltr'><strong>At</strong></span> <span class='ocrx_word' id='word_1_217' title='bbox 842 3583 936 3623; x_wconf 88' lang='lat' dir='ltr'><strong>nonne</strong></span> <span class='ocrx_word' id='word_1_218' title='bbox 970 3563 1060 3621; x_wconf 87' lang='lat' dir='ltr'><strong>etiam</strong></span> <span class='ocrx_word' id='word_1_219' title='bbox 1098 3562 1252 3640; x_wconf 85' lang='lat' dir='ltr'><strong>sequentia</strong></span> <span class='ocrx_word' id='word_1_220' title='bbox 1286 3561 1390 3622; x_wconf 90' lang='lat' dir='ltr'><strong>laudes</strong></span> 
     </span>
     <span class='ocr_line' id='line_1_25' title="bbox 248 3659 1393 3742; baseline 0 -22"><span class='ocrx_word' id='word_1_221' title='bbox 248 3663 436 3739; x_wconf 86' lang='lat' dir='ltr'><strong>imperatoris</strong></span> <span class='ocrx_word' id='word_1_222' title='bbox 470 3659 559 3732; x_wconf 79' lang='lat' dir='ltr'><strong>sunt?</strong></span> <span class='ocrx_word' id='word_1_223' title='bbox 609 3665 736 3723; x_wconf 81' lang='lat' dir='ltr'><strong>Arnimii</strong></span> <span class='ocrx_word' id='word_1_224' title='bbox 767 3666 867 3725; x_wconf 86' lang='lat' dir='ltr'><strong>verbis</strong></span> <span class='ocrx_word' id='word_1_225' title='bbox 902 3687 930 3742; x_wconf 94' lang='lat' dir='ltr'><strong>p.</strong></span> <span class='ocrx_word' id='word_1_226' title='bbox 955 3668 1013 3723; x_wconf 75' lang='lat'><strong>415</strong></span> <span class='ocrx_word' id='word_1_227' title='bbox 1048 3665 1135 3741; x_wconf 88' lang='lat' dir='ltr'><strong>plane</strong></span> <span class='ocrx_word' id='word_1_228' title='bbox 1164 3664 1278 3722; x_wconf 88' lang='lat' dir='ltr'><strong>accedo.</strong></span> <span class='ocrx_word' id='word_1_229' title='bbox 1334 3662 1393 3723; x_wconf 84' lang='lat' dir='ltr'><strong>Cur</strong></span> 
     </span>
     <span class='ocr_line' id='line_1_26' title="bbox 249 3759 1392 3843; baseline 0.003 -24"><span class='ocrx_word' id='word_1_230' title='bbox 249 3762 360 3838; x_wconf 86' lang='lat' dir='ltr'><strong>duplex</strong></span> <span class='ocrx_word' id='word_1_231' title='bbox 385 3763 546 3840; x_wconf 90' lang='lat' dir='ltr'><strong>appellatio</strong></span> <span class='ocrx_word' id='word_1_232' title='bbox 574 3759 775 3839; x_wconf 85' lang='grc' dir='ltr'>αὐτοκράτορ</span> <span class='ocrx_word' id='word_1_233' title='bbox 798 3766 967 3843; x_wconf 81' lang='lat' dir='ltr'><strong>Emporium</strong></span> <span class='ocrx_word' id='word_1_234' title='bbox 995 3773 1023 3824; x_wconf 90' lang='lat' dir='ltr'><strong>et</strong></span> <span class='ocrx_word' id='word_1_235' title='bbox 1038 3765 1336 3842; x_wconf 85' lang='lat' dir='ltr'><strong>Wegehauptiump.</strong></span> <span class='ocrx_word' id='word_1_236' title='bbox 1354 3765 1392 3822; x_wconf 81' lang='lat'><strong>70</strong></span> 
     </span>
     <span class='ocr_line' id='line_1_27' title="bbox 221 3850 1390 3943; baseline -0.001 -22"><span class='ocrx_word' id='word_1_237' title='bbox 221 3850 223 3855; x_wconf 34' lang='lat'><strong>¹</strong></span> <span class='ocrx_word' id='word_1_238' title='bbox 248 3861 387 3936; x_wconf 82' lang='lat' dir='ltr'><strong>offendat,</strong></span> <span class='ocrx_word' id='word_1_239' title='bbox 411 3883 468 3924; x_wconf 89' lang='lat' dir='ltr'><strong>non</strong></span> <span class='ocrx_word' id='word_1_240' title='bbox 492 3864 644 3940; x_wconf 83' lang='lat' dir='ltr'><strong>intellego.</strong></span> <span class='ocrx_word' id='word_1_241' title='bbox 691 3865 790 3926; x_wconf 90' lang='lat' dir='ltr'><strong>Verbo</strong></span> <span class='ocrx_word' id='word_1_242' title='bbox 815 3861 928 3925; x_wconf 85' lang='grc' dir='ltr'>αὐτίκα</span> <span class='ocrx_word' id='word_1_243' title='bbox 953 3866 1008 3924; x_wconf 90' lang='lat' dir='ltr'><strong>Dio</strong></span> <span class='ocrx_word' id='word_1_244' title='bbox 1037 3867 1164 3943; x_wconf 89' lang='lat' dir='ltr'><strong>primum</strong></span> <span class='ocrx_word' id='word_1_245' title='bbox 1187 3871 1390 3941; x_wconf 87' lang='lat' dir='ltr'><strong>argumentum</strong></span> 
     </span>
     <span class='ocr_line' id='line_1_28' title="bbox 248 3961 1390 4044; baseline 0 -24"><span class='ocrx_word' id='word_1_246' title='bbox 248 3961 378 4022; x_wconf 88' lang='lat' dir='ltr'><strong>iudicare</strong></span> <span class='ocrx_word' id='word_1_247' title='bbox 408 3964 492 4037; x_wconf 86' lang='lat' dir='ltr'><strong>solet,</strong></span> <span class='ocrx_word' id='word_1_248' title='bbox 526 3966 621 4024; x_wconf 89' lang='lat' dir='ltr'><strong>veluti</strong></span> <span class='ocrx_word' id='word_1_249' title='bbox 647 3967 795 4025; x_wconf 87' lang='lat' dir='ltr'><strong>sententia</strong></span> <span class='ocrx_word' id='word_1_250' title='bbox 817 3963 836 4042; x_wconf 59' lang='grc' dir='ltr'>ᾖ</span> <span class='ocrx_word' id='word_1_251' title='bbox 859 3968 898 4024; x_wconf 70' lang='lat'><strong>62</strong></span> <span class='ocrx_word' id='word_1_252' title='bbox 921 3967 1023 4024; x_wconf 86' lang='lat' dir='ltr'><strong>multis</strong></span> <span class='ocrx_word' id='word_1_253' title='bbox 1049 3967 1191 4044; x_wconf 87' lang='lat' dir='ltr'><strong>exemplis</strong></span> <span class='ocrx_word' id='word_1_254' title='bbox 1210 3965 1390 4023; x_wconf 86' lang='lat' dir='ltr'><strong>illustratur:</strong></span> 
     </span>
     <span class='ocr_line' id='line_1_29' title="bbox 251 4058 1386 4141; baseline -0.001 -20"><span class='ocrx_word' id='word_1_255' title='bbox 251 4061 280 4138; x_wconf 91' lang='lat'><strong>1)</strong></span> <span class='ocrx_word' id='word_1_256' title='bbox 302 4060 318 4139; x_wconf 69' lang='grc' dir='ltr'>ξ</span> <span class='ocrx_word' id='word_1_257' title='bbox 341 4066 393 4124; x_wconf 89' lang='lat'><strong>63:</strong></span> <span class='ocrx_word' id='word_1_258' title='bbox 419 4060 531 4125; x_wconf 85' lang='grc' dir='ltr'>αὐτίκα</span> <span class='ocrx_word' id='word_1_259' title='bbox 553 4063 589 4126; x_wconf 89' lang='grc' dir='ltr'><strong>ἐν</strong></span> <span class='ocrx_word' id='word_1_260' title='bbox 611 4063 662 4141; x_wconf 83' lang='grc' dir='ltr'><strong>νηὶ</strong></span> <span class='ocrx_word' id='word_1_261' title='bbox 686 4114 691 4126; x_wconf 95' lang='grc'><strong><em>.</em></strong></span> <span class='ocrx_word' id='word_1_262' title='bbox 718 4111 724 4126; x_wconf 91' lang='grc'><strong>.</strong></span> <span class='ocrx_word' id='word_1_263' title='bbox 749 4113 774 4140; x_wconf 89' lang='grc'><strong>.,</strong></span> <span class='ocrx_word' id='word_1_264' title='bbox 800 4069 830 4130; x_wconf 72' lang='grc'><strong>2]</strong></span> <span class='ocrx_word' id='word_1_265' title='bbox 855 4068 870 4137; x_wconf 67' lang='lat'>5</span> <span class='ocrx_word' id='word_1_266' title='bbox 896 4069 949 4126; x_wconf 73' lang='grc' dir='ltr'><strong>ὅδε</strong></span> <span class='ocrx_word' id='word_1_267' title='bbox 973 4063 1008 4127; x_wconf 80' lang='grc' dir='ltr'><strong>ἔν</strong></span> <span class='ocrx_word' id='word_1_268' title='bbox 1031 4085 1067 4139; x_wconf 85' lang='grc' dir='ltr'><strong>γε</strong></span> <span class='ocrx_word' id='word_1_269' title='bbox 1091 4064 1220 4141; x_wconf 86' lang='grc' dir='ltr'>μὴν...</span> <span class='ocrx_word' id='word_1_270' title='bbox 1246 4058 1309 4140; x_wconf 74' lang='lat'><strong>3)§</strong></span> <span class='ocrx_word' id='word_1_271' title='bbox 1335 4065 1386 4122; x_wconf 89' lang='lat'><strong>68:</strong></span> 
     </span>
     <span class='ocr_line' id='line_1_30' title="bbox 247 4158 1391 4244; baseline 0.001 -21"><span class='ocrx_word' id='word_1_272' title='bbox 247 4158 432 4225; x_wconf 82' lang='grc' dir='ltr'>πάλινδὲ.</span> <span class='ocrx_word' id='word_1_273' title='bbox 456 4214 462 4227; x_wconf 92' lang='grc'><strong>.</strong></span> <span class='ocrx_word' id='word_1_274' title='bbox 487 4161 548 4242; x_wconf 84' lang='grc'><strong>,4)</strong></span> <span class='ocrx_word' id='word_1_275' title='bbox 573 4163 591 4244; x_wconf 66' lang='grc' dir='ltr'>ξ</span> <span class='ocrx_word' id='word_1_276' title='bbox 615 4169 667 4226; x_wconf 84' lang='grc' dir='ltr'><strong>7οε</strong></span> <span class='ocrx_word' id='word_1_277' title='bbox 701 4163 752 4226; x_wconf 89' lang='grc' dir='ltr'><strong>καὶ</strong></span> <span class='ocrx_word' id='word_1_278' title='bbox 777 4164 837 4241; x_wconf 87' lang='grc' dir='ltr'><strong>μὴν</strong></span> <span class='ocrx_word' id='word_1_279' title='bbox 861 4215 867 4228; x_wconf 93' lang='grc'><strong><em>.</em></strong></span> <span class='ocrx_word' id='word_1_280' title='bbox 890 4214 896 4227; x_wconf 94' lang='grc'><em>.</em></span> <span class='ocrx_word' id='word_1_281' title='bbox 920 4215 926 4228; x_wconf 93' lang='grc'><em>.</em></span> <span class='ocrx_word' id='word_1_282' title='bbox 947 4164 979 4242; x_wconf 86' lang='grc'><strong>5)</strong></span> <span class='ocrx_word' id='word_1_283' title='bbox 1002 4164 1020 4244; x_wconf 67' lang='lat'>5</span> <span class='ocrx_word' id='word_1_284' title='bbox 1044 4171 1098 4226; x_wconf 86' lang='lat'><strong>73:</strong></span> <span class='ocrx_word' id='word_1_285' title='bbox 1121 4163 1159 4226; x_wconf 87' lang='grc' dir='ltr'><strong>τὸ</strong></span> <span class='ocrx_word' id='word_1_286' title='bbox 1181 4163 1217 4225; x_wconf 82' lang='grc' dir='ltr'><strong>δὲ</strong></span> <span class='ocrx_word' id='word_1_287' title='bbox 1241 4161 1391 4238; x_wconf 86' lang='grc' dir='ltr'>μέγιστον</span> 
     </span>
     <span class='ocr_line' id='line_1_31' title="bbox 248 4259 1391 4344; baseline 0 -20"><span class='ocrx_word' id='word_1_288' title='bbox 248 4267 430 4335; x_wconf 85' lang='lat' dir='ltr'><strong>...;item</strong></span> <span class='ocrx_word' id='word_1_289' title='bbox 463 4263 561 4344; x_wconf 76' lang='lat'><strong>§212</strong></span> <span class='ocrx_word' id='word_1_290' title='bbox 596 4263 918 4329; x_wconf 85' lang='grc' dir='ltr'>αὐτίκα...πὰλιν</span> <span class='ocrx_word' id='word_1_291' title='bbox 1053 4263 1113 4340; x_wconf 86' lang='grc' dir='ltr'>ἢὸ</span> <span class='ocrx_word' id='word_1_292' title='bbox 1251 4259 1391 4325; x_wconf 82' lang='grc' dir='ltr'><strong>ὁδὲαῦ</strong></span> 
     </span>
     <span class='ocr_line' id='line_1_32' title="bbox 246 4362 1262 4446; baseline 0.002 -22"><span class='ocrx_word' id='word_1_293' title='bbox 246 4362 340 4442; x_wconf 76' lang='lat'><strong>§922</strong></span> <span class='ocrx_word' id='word_1_294' title='bbox 365 4362 477 4428; x_wconf 87' lang='grc' dir='ltr'>αὐτίκα</span> <span class='ocrx_word' id='word_1_295' title='bbox 500 4364 586 4444; x_wconf 88' lang='grc' dir='ltr'>τείχη</span> <span class='ocrx_word' id='word_1_296' title='bbox 612 4415 617 4428; x_wconf 94' lang='grc'><strong><em>.</em></strong></span> <span class='ocrx_word' id='word_1_297' title='bbox 643 4415 648 4428; x_wconf 95' lang='grc'>.</span> <span class='ocrx_word' id='word_1_298' title='bbox 674 4414 681 4428; x_wconf 94' lang='grc'><strong>.</strong></span> <span class='ocrx_word' id='word_1_299' title='bbox 705 4371 743 4429; x_wconf 84' lang='lat' dir='ltr'><strong>ef.</strong></span> <span class='ocrx_word' id='word_1_300' title='bbox 769 4371 842 4429; x_wconf 85' lang='lat' dir='ltr'><strong>Xen.</strong></span> <span class='ocrx_word' id='word_1_301' title='bbox 866 4391 952 4430; x_wconf 87' lang='lat' dir='ltr'><strong>mem.</strong></span> <span class='ocrx_word' id='word_1_302' title='bbox 978 4371 1021 4432; x_wconf 92' lang='lat' dir='ltr'><strong>IV</strong></span> <span class='ocrx_word' id='word_1_303' title='bbox 1046 4372 1085 4446; x_wconf 79' lang='grc'><strong>72</strong></span> <span class='ocrx_word' id='word_1_304' title='bbox 1108 4369 1191 4428; x_wconf 85' lang='lat' dir='ltr'><strong>Hier.</strong></span> <span class='ocrx_word' id='word_1_305' title='bbox 1216 4370 1262 4445; x_wconf 67' lang='lat'><strong>27.</strong></span> 
     </span>
    </p>
   </div>
   <div class='ocr_carea' id='block_1_3' title="bbox 0 0 1654 5024">
    <p class='ocr_par' dir='ltr' id='par_1_5' title="bbox 0 0 1654 5024">
     <span class='ocr_line' id='line_1_33' title="bbox 0 0 1654 5024; baseline 0 4"><span class='ocrx_word' id='word_1_306' title='bbox 0 0 1654 5024; x_wconf 95' lang='lat' dir='ltr'><strong> </strong></span> 
     </span>
    </p>
   </div>
  </div>
 </body>
</html>
