3298 5024
832 377 872 450 lt

424 567 486 638 Des
509 570 621 656 aliquid
645 577 750 652 famae,
774 597 850 654 quae
872 578 1002 637 carmine
1022 569 1138 654 gratior
1160 588 1261 637 aurem

423 677 571 757 occupat).

274 780 303 842 le
327 783 402 841 enim
427 801 492 840 cnm
516 781 641 840 vidisset
665 780 882 840 adulescentem
908 779 1093 839 luxuriosum
1129 783 1347 842 acroemetibus
1369 783 1417 843 de·

274 884 379 957 ditum,
403 883 458 942 ait:
493 881 633 940 miserum
657 887 697 955 te,
732 880 917 956 adulescens,
952 882 1003 958 qni
1024 901 1181 958 numquam
1207 882 1317 941 audisti
1341 903 1429 944 suin-¹

170 1011 176 1019 ·
272 1003 352 1042 mum
368 1001 513 1058 acteone,
538 980 655 1040 laudem
679 992 770 1040 tuam.
804 978 1042 1054 (Winckelmenn
1066 1003 1094 1058 p.
1110 980 1164 1055 53)
1187 983 1223 1041 ef.
1238 983 1312 1042 Xen.
1329 1005 1415 1044 mem.

272 1083 301 1142 II
328 1086 380 1142 lai
403 1082 446 1154 (in
471 1083 573 1142 fabula
596 1082 725 1156 Prodici,
754 1102 840 1160 quem
875 1089 1056 1160 quantopere
1079 1083 1273 1144 Antisthenes
1298 1092 1415 1148 secutus

272 1186 322 1251 eit,
346 1185 518 1243 Duemmler
541 1186 570 1242 in
584 1184 771 1243 Academicis
797 1178 964 1260 exposuit):
987 1184 1046 1244 τοῦ
1069 1182 1105 1244 δέ
1127 1179 1259 1245 πάντων
1282 1181 1416 1259 ἡδίστου

272 1280 486 1359 ἀκούσματος,
510 1279 643 1345 ἐπαίνου
669 1281 796 1358 ἑαυτῆς,
818 1279 962 1358 ἀνήκοος
984 1279 1021 1344 εί.

376 1389 505 1462 Vestiqio
528 1387 635 1460 Cynico
657 1387 702 1446 uel
725 1385 830 1445 Stoica.
887 1385 1047 1444 Praeterea
1076 1387 1188 1464 singuli
1221 1388 1279 1446 loci
1312 1385 1413 1462 cynici

271 1488 320 1547 val
344 1485 446 1560 Stoici,
484 1507 560 1565 quos
584 1487 680 1546 adhuc
703 1507 759 1544 non
783 1486 946 1554 attulimus,
973 1487 1002 1544 in
1026 1488 1158 1546 oratione
1187 1494 1291 1547 nostra
1312 1487 1342 1545 hi
1367 1507 1415 1547 no·

269 1588 352 1647 tandi
375 1597 460 1648 sunt:

369 1687 418 1746 Ad
443 1682 482 1764 ἐξ
496 1693 529 1745 nl
549 1708 614 1766 sqq.
637 1689 672 1745 ct.
695 1687 793 1747 Laert.
818 1687 905 1763 Diog.
921 1687 980 1746 Vl]
999 1689 1076 1746 119:
1100 1687 1267 1764 θεοσεβεῖς
1288 1705 1323 1750 τε
1336 1686 1413 1765 τοὺς

270 1785 471 1860 σπουδαίους
494 1836 499 1846 .
526 1835 533 1848 .
557 1835 563 1848 .
589 1779 665 1845 '1202
688 1786 774 1847 δοκεῖ
796 1784 824 1846 δ’
840 1783 951 1862 αὐτοῖς
975 1784 1027 1846 καί
1048 1785 1167 1864 γονέας
1187 1787 1341 1873 σέβεσθαι
1363 1788 1415 1852 καί

270 1885 435 1964 ἀδελφοὺς
467 1886 508 1949 ἐν
541 1885 706 1966 δευτέρᾳ
734 1883 851 1966 μοίρᾳ
883 1884 961 1962 μετὰ
984 1884 1091 1961 θεούς.
1130 1889 1174 1947 Cf.
1199 1886 1237 1966 ἐξ
1266 1893 1323 1964 119
1348 1912 1413 1970 sqq.

269 1992 455 2067 maximeque
478 1991 582 2050 Iulian.
605 2010 634 2067 p.
658 1990 697 2049 86
710 2010 736 2047 a.
853 2021 857 2025 ·
1261 1991 1271 2067 s
1440 1981 1446 1988 ’

369 2091 426 2150 Dio
449 2088 547 2167 §53³
580 2087 701 2165 ἡγεῖται
723 2087 759 2150 δὲ
781 2087 839 2163 τὴν
862 2087 919 2164 μέν
943 2085 1061 2164 ἀρετὴν
1083 2085 1253 2164 ὁσιότητα,
1290 2088 1348 2164 τὴν
1377 2090 1413 2153 δὲ

268 2188 381 2253 κακίαν
402 2190 512 2251 πᾶσαν
535 2185 695 2267 ἀσέβειαν.
741 2190 847 2250 Iulian.
870 2212 898 2268 p.
925 2193 963 2249 70
978 2191 1013 2250 d:
1038 2187 1151 2252 θετέον
1177 2188 1214 2251 δέ
1236 2187 1272 2251 ἑν
1295 2185 1413 2268 ἀρετῆς

269 2289 364 2372 μοίρᾳ
384 2289 443 2365 τὴν
460 2288 627 2367 εὐσέβειαν
649 2289 708 2365 τὴν
730 2288 914 2366 κρατίστην.
956 2291 1040 2350 Stob.
1057 2292 1147 2350 anth.
1164 2293 1190 2349 11
1214 2311 1238 2349 c.
1264 2291 1321 2349 VH
1339 2297 1372 2350 ll
1392 2293 1411 2350 k

268 2414 297 2470 p.
327 2395 422 2452 111514
445 2391 613 2451 Waohsm.:
645 2387 790 2465 Ἀρέσκει
823 2389 858 2450 δὲ
891 2387 1025 2467 (Stoicis)
1060 2387 1111 2450 καὶ
1144 2389 1208 2450 πᾶν
1241 2385 1410 2464 ἁμάρτημα

267 2489 415 2569 ἀσέβημα
437 2488 525 2555 εἶναι.

368 2595 478 2654 Vocem
508 2591 546 2654 τὸ
568 2595 735 2669 προσῆκον
758 2588 788 2670 (ξ
812 2591 863 2669 55)
887 2597 923 2653 ab
947 2593 1123 2653 Antisthene
1146 2594 1313 2668 adamatam
1346 2613 1411 2653 csse

267 2697 374 2772 probat
397 2695 458 2754 loct
482 2696 573 2756 1515
590 2715 635 2772 sq.
661 2698 738 2768 5253
762 2696 835 2754 locis
858 2696 894 2754 ab
918 2695 971 2754 illo
995 2700 1144 2770 congestis
1167 2695 1242 2752 adde
1257 2694 1345 2752 Dion.
1364 2694 1411 2751 111

269 2799 317 2856 71.
348 2795 426 2854 11111
461 2799 509 2861 12,
542 2796 674 2854 Antisth.
707 2815 754 2872 cp.
785 2794 819 2851 ad
849 2794 991 2868 Aristipp.
1026 2790 1107 2869 (epp.
1128 2792 1207 2852 Soer.
1234 2791 1285 2864 15)
1308 2812 1336 2869 p.
1360 2795 1408 2851 45.

268 2896 387 2954 Winck.
417 2891 618 2974 eniminum
651 2889 778 2972 ἀντέχῃ,
814 2887 860 2952 ὧν
887 2888 927 2964 μὴ
950 2887 1106 2965 προσήκει
1132 2888 1209 2966 τοὺς
1231 2888 1411 2968 φρονίμους

266 2993 397 3071 ἄνδρας.

365 3099 469 3176 Neque
500 3117 556 3156 non
585 3095 694 3172 Cynica
728 3103 797 3154 sunt
828 3091 1008 3167 σπουδαῖος
1030 3091 1101 3168 (Dio
1124 3095 1174 3158 55.
1199 3097 1257 3154 118
1281 3096 1409 3157 Antisth.

266 3199 298 3258 L.
314 3199 350 3258 D.
366 3199 411 3258 VI
429 3202 483 3259 12:
507 3193 537 3259 oi
558 3195 734 3259 σπουδαῖοι
756 3191 858 3271 φίλοι)
880 3201 911 3254 et
925 3190 965 3252 τὰ
980 3187 1080 3254 αὑτοῦ
1095 3187 1246 3269 πράττειν
1260 3193 1341 3270 (Dio.
1358 3200 1410 3254 55.

264 3301 323 3360 luel
347 3301 367 3360 l.
390 3300 434 3371 1.).

364 3401 412 3460 Ad
435 3421 476 3461 or.
499 3396 516 3477 ,δ
540 3402 598 3460 83:
620 3397 680 3474 τὰς
706 3397 741 3458 δὲ
763 3394 886 3474 ἡδονὰς
916 3393 1041 3471 μείζους
1074 3393 1125 3458 καὶ
1158 3392 1409 3475 ἀβλαβεστέρας,

267 3497 347 3564 ὅταν
370 3499 540 3574 γίγνωνται
563 3497 641 3576 μετὰ
664 3496 741 3574 τοὺς
764 3495 887 3572 πόνους
917 3499 954 3556 ct.
978 3497 1111 3556 Antisth.
1138 3517 1174 3574 ap
1198 3498 1280 3559 βίου.
1304 3501 1333 3558 fl.
1359 3503 1408 3565 45.

265 3604 305 3660 28
325 3623 360 3650 τ.-
378 3603 414 3663 fr.
431 3604 486 3660 ino.
499 3601 564 3659 -XlI
587 3622 615 3678 p.
632 3603 670 3660 59
695 3599 830 3658 Winolz.:
854 3592 991 3670 Ἡδονὰς
1014 3591 1072 3670 τὰς
1088 3592 1166 3670 μετὰ
1185 3593 1264 3672 τοὺς
1286 3595 1409 3672 πόνους

221 3757 224 3766 ,
264 3700 426 3777 διωκτέον,
450 3697 519 3762 ἀλλ’
546 3697 618 3777 οὐχὶ
640 3698 704 3777 πρὸ
724 3700 792 3761 τῶν
812 3695 933 3760 πόνων.

364 3801 461 3879 111οξ
486 3805 544 3862 97:
578 3803 674 3864 ποῖον
705 3800 741 3863 δὲ
775 3797 959 3875 συμπόσιον
984 3796 1044 3874 ἡδὺ
1071 3797 1169 3874 χωρὶς
1189 3795 1318 3875 εὐνοίας
1343 3800 1408 3861 τῶν

135 3923 138 3928 ·
262 3901 450 3981 παρόντων;

363 4006 494 4066 Antisth.
518 4026 564 4082 ap.
589 4005 670 4066 Stob.
693 4004 773 4063 anth.
797 4011 818 4062 t.
842 4003 890 4062 HI
914 4021 977 4080 cap.
1001 4005 1026 4072 1,
1050 4005 1090 4061 28
1112 4022 1140 4080 p.
1164 4004 1244 4070 13,6
1268 4001 1404 4059 Hena=

264 4113 292 4177 1,
308 4110 346 4168 30
372 4107 462 4165 Mein.
478 4129 516 4154 =
533 4107 673 4184 apophth.
697 4109 715 4166 6
743 4127 771 4183 p.
794 4109 833 4164 57
859 4105 973 4164 Winck.
997 4099 1071 4164 οὔτε
1094 4097 1278 4176 συμπόσιον
1310 4099 1408 4178 χωρὶς

261 4204 385 4284 ὁμιλίας
408 4202 483 4268 οὔτε
505 4205 645 4280 πλοῦτος
668 4203 764 4281 χωρὶς
786 4201 904 4280 ἀρετῆς
926 4201 1046 4279 ἡδονὴν
1070 4199 1146 4278 ἔχει.

361 4309 406 4368 Ad
425 4302 546 4379 Dioa.§
569 4307 625 4365 103
656 4315 777 4383 praeter
799 4308 880 4366 loeus
903 4305 1132 4382 Xenophontem
1167 4321 1257 4380 supra
1292 4304 1403 4364 allatos

262 4410 298 4469 ct.
321 4409 420 4470 Laert.
439 4409 529 4484 Diog.
547 4408 605 4467 Vll
624 4407 681 4466 124
704 4404 756 4467 καὶ
777 4403 836 4480 τὴν
858 4402 1053 4482 πολυφιλίαν
1065 4399 1200 4476 ιἀγαθὸν
1216 4401 1324 4476 (Stoici
1340 4421 1409 4467 esse

189 4557 191 4560 <
262 4505 384 4584 dicunt).
