3298 5024
811 289 889 434 ¹,ee
934 265 963 306 ⁸

288 527 345 620 que
367 554 414 601 res
429 560 460 601 se
484 520 585 617 habet,
610 529 670 601 Dio
691 547 770 600 certe
795 543 914 619 scriptis
928 521 1097 620 Socraticis,
1122 537 1155 600 ut
1177 519 1240 620 ipse
1264 517 1336 603 dicit
1352 538 1368 620 ξ
1384 537 1433 621 ri,

288 662 358 702 usus
382 652 434 702 est.
466 642 584 719 Cynici
607 663 730 718 regnum
755 644 894 719 optimam
919 645 1245 721 reipublicaeformam
1265 666 1331 704 esse
1346 653 1429 723 puta·

289 747 361 804 bant
375 740 526 820 (plilium
543 741 672 816 δυνατή,
692 743 746 801 llio
759 739 775 816 ᾗ
788 747 836 802 45.
870 745 979 804 linerat
990 767 1016 822 p.
1035 748 1073 804 20
1096 767 1124 805 n.
1144 742 1183 820 l),
1199 766 1252 806 nec
1268 768 1325 807 non
1341 747 1433 808 Stoici

287 847 418 924 priores:
443 845 522 904 Plut.
538 845 638 902 790a:
661 839 680 916 ἥ
703 861 739 915 γε
763 840 910 918 βασιλεία
932 842 1111 920 τελεωτάτη
1134 846 1250 907 πασῶν
1274 843 1359 908 οὖσα
1382 845 1434 908 καί

288 942 419 1020 μεγίστη
443 947 508 1004 τῶν
540 944 709 1005 πολιτειῶν
741 942 892 1021 πλείονας
922 934 1099 1022 φροντίδας
1134 943 1199 1021 ἔχει
1231 946 1285 1030 Ικαί
1307 945 1432 1024 πόνους

188 1049 191 1053 ’
288 1044 339 1106 καὶ
362 1041 529 1121 ἀσχολίας.
568 1045 640 1106 Cum
664 1046 769 1106 Dionis
793 1048 963 1107 definitione
988 1045 1004 1118 ξ
1030 1050 1084 1107 43:
1108 1046 1234 1119 λέγεται
1256 1046 1317 1124 γάρ
1339 1046 1433 1125 ἡμὲν

288 1143 369 1223 ἀρχὴ
393 1143 526 1221 νόμιμος
551 1141 729 1220 ἀνθρώπων
752 1144 910 1221 διοίκησις
934 1145 985 1207 καὶ
1007 1145 1143 1223 πρόνοια
1159 1143 1338 1224 ἀνθρώπων
1352 1147 1433 1209 κατὰ
1545 1183 1549 1190 ·

287 1244 396 1322 νόμον,
436 1244 582 1322 βασιλεία
616 1244 651 1305 δὲ
685 1240 906 1322 ἀνυπεύθυνος
940 1243 1031 1323 ἀρχή,
1066 1251 1103 1307 ef.
1133 1248 1212 1308 Steb.
1241 1250 1320 1311 anth.
1349 1257 1370 1309 t.
1395 1251 1432 1319 Π,

287 1371 349 1427 cap.
374 1351 400 1426 7,
426 1353 460 1406 ll
480 1369 508 1406 m
531 1369 559 1425 p.
584 1349 640 1405 108
656 1368 680 1406 nr
705 1347 850 1407 Waehsm.
874 1345 978 1422 (Stoici
1008 1347 1135 1422 dicuntl:
1168 1346 1226 1422 τὴν
1253 1347 1314 1425 γὰρ
1344 1351 1432 1425 poor*

286 1443 375 1510 λείαν
398 1443 500 1523 ἀρχὴν
524 1444 744 1509 ἀνυπεύθυνον
782 1443 863 1509 είναι
897 1445 948 1508 καί
974 1447 1032 1522 τὴν
1055 1445 1209 1510 ἀνωτάτω
1232 1449 1284 1510 καὶ
1301 1450 1359 1525 τὴν
1382 1449 1432 1513 ἐπὶ

285 1546 405 1623 πάσαις
424 1546 549 1626 (Kaerst
575 1569 603 1626 p.
627 1545 677 1619 67)
702 1558 731 1607 ct
753 1550 829 1607 Plut.
854 1571 881 1626 p.
907 1552 965 1608 826
989 1552 1028 1608 f.:
1063 1546 1252 1625 αὐτοκρατῆ
1268 1549 1432 1626 βασιλείαν

286 1647 338 1710 καί
360 1645 591 1710 ἀνυπεύθυνον.
1220 1660 1226 1670 ·

349 1789 351 1793 ,
387 1750 479 1810 Stoici
504 1750 683 1826 posteriores
706 1751 829 1809 mixtam
852 1753 1033 1828 reipublicae
1056 1754 1179 1812 formam
1204 1756 1345 1831 optimam
1368 1774 1431 1813 esse

285 1853 438 1930 putabant,
457 1871 486 1911 ν.
504 1851 535 1910 R.
559 1853 582 1909 H
592 1852 698 1922 irael,
723 1851 860 1911 Untcrss.
881 1872 917 1911 zu
938 1851 996 1912 Cic.
1010 1854 1118 1930 philos.
1131 1855 1214 1914 Schr.
1231 1856 1263 1913 Il
1280 1858 1298 1914 2
1313 1876 1342 1933 p.
1361 1858 1432 1914 856.

232 1997 233 2000 ι
286 1955 372 2013 Locis
406 1954 585 2012 uKacrstio
608 1974 636 2029 p.
662 1953 700 2012 77
729 1955 830 2013 noth
865 1954 967 2013 allatis
1001 1955 1075 2014 adds
1102 1955 1431 2034 Pseudopythagorioos

285 2075 332 2131 ap.
356 2053 438 2113 Stob.
461 2054 491 2111 fl.
515 2055 566 2122 43,
590 2056 628 2112 94
664 2062 692 2111 ct
721 2055 786 2114 134.
832 2053 898 2121 telna
933 2076 1003 2114 cunr
1032 2059 1146 2116 ratione
1170 2059 1317 2129 convenit,
1352 2059 1430 2136 quod

287 2157 401 2232 priores
419 2156 507 2213 sicuti
525 2175 616 2231 supra
632 2175 679 2232 pp.
693 2159 731 2212 34
745 2176 789 2232 sq.
804 2157 971 2234 statuimus,
992 2177 1091 2233 regem
1109 2159 1226 2234 legibus
1247 2161 1430 2235 superiorem

287 2276 350 2330 esse
373 2256 526 2332 volebant,
548 2257 728 2332 posteriores
750 2257 869 2314 divinae
899 2258 961 2333 legi
991 2277 1056 2316 cum
1079 2278 1192 2334 parere.
1237 2259 1309 2318 Illos
1331 2269 1428 2318 autem

287 2358 344 2426 Dio
367 2353 436 2429 ετξ
463 2358 516 2416 lo:
538 2356 584 2433 τῷ
607 2353 722 2429 μείζονι
744 2356 809 2417 τῶν
831 2351 939 2432 νόμων
962 2364 992 2415 et
1014 2366 1115 2428 nostro
1139 2359 1204 2417 loeo
1227 2355 1247 2431 ξ
1271 2359 1329 2418 43:
1353 2355 1371 2418 ὁ
1394 2357 1429 2419 δὲ

286 2455 387 2531 νόμος
410 2455 567 2532 βασιλέως
591 2452 695 2530 δόγμα
718 2461 862 2536 sequitur,
885 2459 941 2520 hos
964 2479 1005 2518 or.
1028 2459 1119 2517 1:75.
1146 2498 1148 2506 ι
1239 2475 1241 2482 ’

392 2560 455 2617 lam
479 2566 511 2616 ut
534 2560 631 2616 omnia
655 2560 888 2636 complectamur
909 2561 1002 2628 brevi,
1026 2579 1100 2637 quse
1123 2562 1310 2620 invenimus:

386 2660 573 2719 Antisthenes
607 2662 638 2717 in
663 2659 739 2733 Cyro
762 2662 886 2735 hiolopo,
919 2664 968 2734 qni
1003 2666 1065 2720 erat
1089 2657 1176 2733 περὶ
1200 2641 1427 2733 βασιλείας,

284 2765 419 2822 instituta
442 2763 603 2823 Persarum
632 2764 855 2834 vituperaverat.
900 2762 988 2834 Quem
1021 2761 1219 2831 Xenophontis
1243 2758 1430 2832 Oprupeeetia

285 2869 312 2922 et
333 2864 465 2937 sequitur
497 2867 523 2920 et
551 2866 708 2935 eppupnat.
754 2861 892 2918 Iulianus
914 2877 956 2916 or.
980 2861 1023 2917 ΙΙ
1039 2859 1157 2918 minime
1178 2859 1305 2918 Dionem
1337 2857 1430 2916 sotum

285 2956 425 3040 seqnitur,
447 2965 498 3022 seat
512 2967 633 3035 uterque
654 2963 747 3020 eodem
764 2965 880 3019 auctore
904 2978 975 3018 usus
997 2965 1047 3032 est,
1071 2961 1123 3032 qui
1138 2958 1345 3018 Antisthenica
1366 2977 1432 3017 eum

285 3065 392 3140 Stoicis
413 3065 536 3121 miscuit.
580 3063 720 3120 Fortasse
740 3066 893 3134 praeterea
923 3063 963 3120 iis
990 3062 1116 3121 manime
1148 3061 1228 3131 loeis,
1262 3061 1365 3134 quihus
1396 3061 1431 3118 de

284 3181 351 3236 repe
374 3165 533 3222 Persarum
555 3164 663 3238 eapitur,
686 3161 877 3221 Antisthenes
897 3163 958 3234 ipse
978 3163 1072 3222 Dioni
1093 3166 1211 3234 praesto
1225 3159 1301 3236 fuit.
1346 3158 1429 3227 (lirae

286 3263 321 3322 de
344 3264 406 3321 sole
430 3262 576 3331 (licuntur,
599 3261 703 3321 Stoicis
727 3262 854 3319 maxime
881 3261 981 3320 deberi
1003 3262 1156 3324 videntur:
1180 3281 1238 3338 quo
1257 3261 1288 3319 in
1307 3269 1429 3318 n'umcro

227 3370 229 3374 ’
286 3365 372 3422 etiarn
408 3363 534 3422 habendi
569 3371 638 3421 sunt
673 3362 858 3438 Pythagorei
894 3363 1002 3420 ficticii.
1049 3360 1203 3420 Plutarchi
1236 3359 1358 3418 libellus
1383 3359 1429 3434 ‚ad

285 3465 446 3541 principem
470 3464 659 3522 ineruditum‘
688 3465 815 3540 scriptus
850 3465 905 3521 etsi
928 3483 944 3519 a
968 3462 1073 3520 Dionis
1103 3469 1132 3518 et
1155 3461 1264 3518 Iuliani
1293 3459 1429 3533 proposi·

286 3568 365 3624 tione
399 3585 454 3622 uon
489 3565 576 3640 plane
599 3564 748 3630 abhorret,
784 3571 881 3622 tamen
915 3563 952 3621 ud
976 3561 1136 3639 Chrysippi
1168 3576 1286 3636 quoque
1320 3556 1428 3614 librum

286 3663 359 3740 περὶ
382 3659 484 3739 νόμον
508 3665 648 3741 scriptum
671 3666 794 3722 aceedit.
839 3663 973 3737 Vestigia
998 3663 1116 3721 Politiei
1139 3660 1253 3734 dialogi
1277 3656 1429 3716 Antisthe-

286 3768 344 3824 nioi
367 3766 444 3843 apud
470 3766 591 3825 Dionem
616 3773 645 3823 et
668 3765 861 3823 Plutarchum
884 3766 997 3822 incerta
1020 3769 1095 3820 sunt.

1608 3281 1609 3290 ι

1608 3305 1609 3317 l

1585 3550 1587 3558 i

1608 4147 1609 4158 ι

1608 4209 1609 4221 l

1608 4235 1609 4242 r
