3298 5024
828 371 869 430 3⁷

375 559 431 618 Sed
455 559 544 618 ctiam
566 557 633 618 eliis
656 559 868 636 imperatorum
885 557 1122 634 cognominibus,
1143 577 1219 635 quae
1242 557 1273 616 iu
1295 557 1421 635 inscrip-

275 662 405 721 tionibus
428 680 515 737 saepe
538 660 738 730 inveniuntur,
769 660 930 736 scriptores
958 665 1090 735 utuntur,
1124 657 1420 736 cf.1ulian..p.9ub

274 756 419 836 καθάπερ
433 755 557 832 ἀγαθὸν
572 756 718 834 δαίμονα,
737 760 826 820 Dion.
841 759 857 818 I
876 759 991 832 15,111
1008 761 1057 836 51,
1081 759 1174 820 Iulian
1190 759 1216 817 ll
1232 780 1263 837 p
1279 760 1350 818 sea
1367 765 1421 820 etc.

275 861 380 942 (supra
402 883 429 940 p
446 860 514 937 30):
538 856 676 938 εὐσεβής
700 867 755 920 etc.
779 860 866 919 Dion.
891 861 1022 920 139:
1039 859 1100 919 XII
1125 862 1180 920 ts:
1203 855 1289 934 Ζεὺς
1311 853 1420 924 Ἐλευ-

162 1005 165 1012 ·
273 959 390 1040 θέριος,
412 981 539 1041 quocum
562 981 616 1020 rex
640 968 837 1039 comparetur.

374 1063 457 1121 Nihil
479 1063 574 1139 igitur
595 1061 723 1121 inauditi
746 1069 821 1132 erat,
847 1062 872 1119 si
882 1079 984 1136 reges
1008 1060 1066 1122 Dio
1090 1057 1186 1136 θεοὺς
1208 999 1336 1122 vocabat
1368 1057 1421 1122 ἐπὶ
1450 1103 1452 1108 -

161 1225 164 1230 ,
273 1161 416 1245 σωτηρίᾳ
438 1165 528 1244 tows]
543 1159 729 1239 γεγονότας,
751 1163 842 1242 idque
863 1162 941 1240 apud
958 1163 1188 1232 Alexandrinos,
1211 1165 1261 1240 qui
1285 1163 1342 1240 ipsi
1358 1173 1421 1222 σω·

273 1267 355 1341 τῆρα
388 1261 439 1324 καὶ
475 1261 550 1324 θεὸν
573 1265 765 1342 appellabant
800 1265 974 1345 histrionem
997 1264 1127 1341 aliquem
1154 1261 1205 1323 vel
1227 1270 1420 1335 cantatorem,

273 1367 451 1444 mancipium
474 1367 620 1425 abiectum
644 1374 733 1444 atque
756 1366 906 1442 perditum
928 1359 1001 1440 (Dio
1025 1362 1141 1423 XXXII
1167 1358 1233 1440 50).

372 1468 419 1526 De
438 1466 517 1540 fonte
538 1468 647 1526 Dionis
667 1471 694 1525 ct
717 1465 843 1527 Iuliani.
889 1465 1025 1527 Vidimus
1055 1463 1205 1525 Iulianum
1233 1471 1264 1524 et
1294 1449 1420 1525 Dionem

272 1587 309 1628 ex
331 1567 433 1626 eodem
455 1573 576 1626 auctore
599 1585 653 1625 sua
685 1567 863 1643 sumpsisse;
898 1566 1021 1626 sedhic
1045 1575 1148 1626 auctor
1172 1567 1235 1644 ipse
1259 1565 1317 1625 iam
1340 1585 1421 1626 oom-

272 1669 360 1746 plura
380 1668 493 1744 scripta
515 1666 636 1727 videtur
669 1667 873 1736 coniunxisse;
909 1668 1034 1727 alteram
1069 1669 1145 1728 euim
1170 1665 1321 1726 Iuliancse
1354 1685 1420 1726 ora·

272 1769 363 1828 tionis
396 1773 510 1844 partem
539 1764 728 1844 (sub-8512
751 1789 790 1816 =
815 1768 899 1829 Dion.
927 1768 969 1825 Ill
1002 1769 1124 1827 33-37
1155 1774 1185 1826 et
1207 1762 1279 1844 XV)
1302 1765 1420 1842 Cynicis
1505 1771 1509 1778 '

272 1868 441 1944 tribuimus,
463 1869 589 1928 alteram
613 1865 798 1942 (sea-920
816 1891 851 1916 =
870 1868 958 1928 Dion.
982 1867 997 1925 Ι
1021 1869 1140 1926 15-31
1165 1889 1198 1916 --
1218 1867 1262 1926 lll
1282 1869 1319 1926 51
1338 1864 1420 1948 sqq.)

272 1969 390 2030 Stoicis.

374 2070 607 2129 Animadvertus
631 2069 757 2146 denique
785 2069 877 2128 velim
900 2069 1033 2129 ordinem
1054 2068 1162 2128 Iuliani
1186 2089 1204 2128 a
1225 2069 1332 2130 Dionis
1354 2089 1420 2146 ora·

272 2171 352 2228 tione
374 2169 470 2246 prima
499 2168 626 2228 differre.
670 2168 773 2228 Priore
806 2170 882 2228 enim
918 2171 982 2229 loco
1017 2168 1093 2247 apud
1115 2151 1264 2230 Iulianum
1287 2171 1352 2230 86d
1375 2177 1421 2230 est

276 2263 436 2344 ἀνδρεῖος,
460 2270 596 2348 sequitur
620 2271 684 2328 860
707 2266 899 2346 φιλόπονος,
923 2269 1001 2348 apud
1025 2271 1148 2330 Dionem
1171 2271 1323 2350 praecedit
1345 2265 1418 2348 §21

272 2367 466 2445 φιλόπονος,
505 2372 653 2448 posterior
687 2379 733 2430 est
760 2368 778 2448 ᾗ
802 2375 841 2430 27
872 2367 1041 2447 φιλότιμος
1064 2395 1071 2430 r
1094 2417 1100 2430 .
1154 2367 1328 2447 πολεμικὸς
1353 2419 1360 2433 .
1382 2416 1419 2432 ..

272 2465 441 2544 εἰρηνικός.
486 2470 649 2530 Pristinum
673 2472 806 2531 ordinem
829 2491 880 2531 cur
900 2472 1035 2532 lulianus
1058 2478 1173 2532 mutare
1195 2472 1336 2541 voluerit,
1361 2491 1419 2532 uon

271 2570 374 2645 video,
411 2571 469 2631 Dio
494 2579 611 2649 poterat
634 2577 758 2644 mutare,
782 2577 871 2649 atquc
893 2572 923 2630 id
945 2572 1002 2631 hec
1032 2571 1068 2630 dc
1092 2591 1196 2631 causa:
1233 2592 1308 2650 quae
1334 2575 1418 2634 enim

271 2672 382 2749 scripte
404 2681 473 2732 sunt
500 2672 578 2750 apud
602 2672 728 2732 Dionem
751 2673 786 2743 ἐξ
811 2674 944 2746 22-26,
979 2673 1016 2732 ad
1039 2669 1187 2732 amicitiae
1215 2680 1329 2751 partem
1353 2691 1419 2752 per·

271 2774 374 2849 tinent,
409 2773 444 2832 dc
472 2793 531 2852 qua
559 2772 628 2832 indo
650 2793 668 2832 a
690 2769 706 2850 ξ
730 2775 766 2832 31
792 2773 880 2846 dicit;
913 2774 1000 2832 sicuti
1029 2774 1059 2832 in
1091 2793 1134 2833 or.
1158 2773 1198 2831 lll
1232 2775 1295 2832 fere
1317 2775 1419 2835 eadem
1490 2837 1491 2842 ,

270 2874 312 2932 ibi
335 2875 483 2942 dicuntur,
507 2876 559 2934 ubi
581 2875 617 2935 de
641 2871 771 2935 amicitie
793 2876 936 2954 loquitur.
981 2876 1047 2936 Hoc
1081 2895 1200 2954 quoquc
1232 2875 1343 2938 indicio
1372 2883 1420 2937 est

271 2974 420 3032 Iulianum
441 2993 499 3033 non
522 2993 559 3032 ea
585 2975 677 3034 Dione
700 2975 844 3036 hausisse.

370 3074 413 3134 Ut
435 3080 533 3133 autem
558 3074 614 3134 Dio
632 3076 731 3134 multa
753 3077 863 3144 omisit,
888 3077 1138 3155 quemadmodum
1159 3079 1224 3154 ipse
1250 3077 1324 3138 dicit
1346 3077 1363 3135 ΙῚ
1378 3080 1415 3136 33

269 3169 324 3252 (τὰ
344 3170 450 3236 πολλὰ
473 3169 591 3250 ἀφείς),
625 3195 701 3254 quae
724 3177 859 3236 Iulianus
889 3177 1024 3254 praebet,
1059 3179 1102 3237 ita
1123 3178 1218 3237 multa
1239 3179 1318 3256 apud
1341 3178 1418 3240 huno

270 3276 487 3352 desiderantur,
511 3296 586 3353 quoe
610 3277 687 3354 apud
708 3277 794 3339 illum
817 3277 996 3338 invenimus.
1039 3277 1142 3356 Atque
1157 3279 1207 3338 vel
1224 3281 1354 3338 maxime
1369 3279 1418 3339 hic

269 3376 420 3435 afferenda
441 3385 519 3450 sunt,
549 3397 624 3455 quse
649 3378 839 3438 deamicitia
862 3380 892 3438 in
923 3379 1020 3457 prime
1055 3381 1188 3451 oratioue
1223 3379 1355 3455 brevius,
1387 3381 1416 3440 in

268 3479 359 3536 tertia
379 3479 528 3556 copiosius
558 3487 756 3557 exponuntur.
801 3481 856 3540 Sed
892 3483 981 3542 etism
1015 3501 1116 3558 regem
1145 3479 1297 3542 hominum
1326 3483 1418 3542 saluti

268 3580 439 3656 prospicere
461 3589 490 3640 et
512 3581 608 3657 magis
631 3582 769 3641 laborare
793 3602 881 3659 quam
904 3590 1019 3642 ceteros
1041 3603 1106 3642 cum
1130 3565 1261 3664 lulianus
1284 3583 1418 3644 brevitor

270 3679 389 3748 dixerit,
427 3680 480 3740 llio
504 3681 550 3739 Ill
574 3681 696 3741 stt-85
720 3681 823 3741 multis
859 3683 1005 3760 exemplis
1037 3684 1153 3760 probet.
1199 3682 1289 3744 Cuius
1322 3686 1417 3762 partis

267 3780 439 3839 recensione
462 3781 556 3840 altere
579 3783 616 3841 de
639 3782 714 3844 Iove
738 3783 819 3860 dicit,
848 3784 944 3843 altera
974 3784 1010 3842 de
1034 3781 1112 3844 Sole.
1158 3785 1294 3862 Utraque
1317 3794 1417 3846 autem

268 3881 450 3958 comparatio
474 3883 552 3959 apud
575 3883 757 3960 posteriores
780 3886 943 3961 scriptores
966 3883 1113 3944 letissime
1136 3893 1226 3963 patet.

363 3983 413 4041 Dc
433 4000 501 4056 repe
522 3983 603 4042 Iocis
621 3986 776 4046 imitatore.
817 3985 882 4044 Rex
907 3981 1052 4059 Ζηλωτὴς
1075 3987 1126 4047 vel
1148 3981 1243 4048 εἰκὼν
1259 3969 1344 4063 Arde
1366 3988 1417 4047 vel

267 4080 343 4141 θεοῦ
355 4083 536 4159 appelletur.
570 4085 731 4145 Permultis
745 4087 818 4144 locis
833 4107 849 4144 a
863 4087 995 4146 Barnero
1008 4107 1045 4146 ex
1058 4088 1227 4162 Plutarcho,
1241 4089 1415 4159 Themistio‚

267 4179 394 4241 Libanio
417 4183 551 4243 collectis
574 4185 700 4247 addendi
725 4195 794 4244 sunt
824 4188 881 4246 loci
906 4186 997 4246 Stoici
1023 4189 1335 4268 pseudopythagorici,
1362 4193 1417 4268 qui

267 4288 335 4340 sunt
357 4284 386 4340 in
410 4283 531 4344 Stabaei
551 4287 615 4347 flor.
633 4288 682 4356 47,
699 4288 736 4344 22
761 4272 962 4366 (Ἐκφᾶντου
985 4287 1057 4365 περὶ
1079 4286 1274 4367 proticisci:
1297 4286 1415 4352 θειότε-

266 4399 326 4459 ρον
348 4380 384 4444 δὲ
407 4405 495 4463 quem
519 4389 609 4447 ceteri
632 4387 775 4460 homines,
804 4391 855 4469 qui
877 4397 1036 4452 terrestres
1058 4399 1127 4453 sunt
1149 4413 1329 4472 quamquam
1352 4393 1414 4473 spi-
