3298 5024
784 407 824 476 29

240 675 243 678 .
291 625 294 632 ‘
332 613 430 682 Quae
451 606 486 674 de
509 604 666 670 nobilitate
691 605 852 666 constituta
878 607 956 676 sunt,
980 594 1084 658 deinde
1111 590 1146 656 ud
1170 591 1271 673 regern
1295 585 1381 653 adut-J

236 717 342 777 bentur
363 737 392 793 p.
415 715 454 772 83
478 734 502 772 o.
524 712 541 769 d
566 710 676 768 eisdem
713 709 773 765 fero
796 704 908 772 vorbis,
937 702 1045 779 quibus
1069 699 1126 757 Dio
1149 697 1190 755 lv
1215 698 1253 754 25
1276 697 1380 764 utitur,

235 840 289 880 neo
311 839 368 877 non
388 815 470 874 redit
493 812 621 873 formula
644 806 720 869 οὐδὲ
744 803 771 867 εἰ
795 800 914 879 πάντες
938 797 1101 876 ἅνθρωποι
1119 845 1125 857 .
1144 793 1382 872 ..ὁμολογοῖεν

238 903 464 992 συνελθόντες,
501 935 588 993 quam
615 932 704 989 snpra
739 910 906 968 invenimus
939 906 968 963 in
992 905 1096 963 Dionis
1119 921 1160 960 or.
1186 900 1200 957 Ι
1225 908 1253 957 et
1276 899 1326 956 alt.
1350 897 1382 956 ll.

238 1019 429 1080 Phaethontis
453 1015 590 1092 exemplo
615 1011 709 1085 (8311)
732 1010 826 1068 utitur
849 1008 938 1065 etium
963 1006 1020 1063 Dio
1044 1005 1055 1060 Ι
1082 1005 1129 1062 16,
1177 1000 1243 1073 ‚sed
1268 1000 1292 1057 si
1317 999 1384 1075 quis

237 1116 381 1191 miretur‚‘
406 1119 539 1177 Iulianus
561 1116 670 1191 pergit,
695 1131 790 1189 ,reges
809 1129 883 1186 quos
901 1107 1004 1165 diount
1023 1105 1181 1182 plerosque
1196 1102 1311 1159 nobiles
1327 1119 1383 1158 non

240 1240 314 1298 esse,
339 1197 488 1279 delibari
513 1216 630 1294 quidem
660 1221 727 1272 sunt
751 1209 805 1286 (84
819 1210 846 1268 b.
859 1208 896 1281 o),
929 1209 999 1284 quin
1034 1205 1122 1263 etiam
1146 1224 1182 1262 ne
1205 1202 1297 1261 validi
1322 1203 1385 1278 qui·

239 1318 325 1381 dem‘
372 1321 416 1378 Do
445 1317 546 1376 eadem
578 1336 610 1373 re
633 1315 690 1374 Dio
724 1313 795 1371 dicit
818 1309 858 1366 ΙΙΙ
883 1311 924 1367 30
945 1327 1022 1384 sqq.‚
1055 1305 1105 1362 sed
1139 1304 1217 1380 apud
1239 1302 1385 1360 Iulianum

240 1422 329 1500 paulo
352 1421 442 1479 alitor
464 1420 559 1479 oratio
582 1416 728 1496 procedit,
758 1414 800 1472 ita
825 1412 890 1470 soil.
913 1415 947 1468 nt
970 1409 1071 1466 statim
1095 1426 1175 1465 more
1199 1403 1310 1482 Cynico
1335 1404 1383 1463 de·

241 1528 384 1582 monstret
408 1521 551 1579 neminem
578 1537 644 1576 esse
667 1515 801 1575 validum
824 1503 996 1588 (instruetur),
1020 1507 1079 1578 nisi
1101 1507 1151 1584 qui
1167 1508 1206 1565 sit
1221 1501 1385 1580 ἐγκρατής.

238 1624 383 1684 Conferas
403 1622 494 1680 velim
517 1620 554 1678 ad
578 1619 672 1677 verba
695 1614 846 1687 τοιοῦτος
868 1608 903 1671 δὲ
925 1605 971 1671 ὤν
994 1609 1064 1668 84d
1091 1606 1222 1666 Antisth.
1244 1627 1290 1683 ap.
1311 1605 1385 1666 Xeu.

242 1745 326 1784 oonv.
348 1725 405 1781 deu
427 1729 456 1780 et
480 1719 517 1778 od
541 1740 570 1778 v.
594 1713 727 1791 ὥρισται
751 1711 813 1790 γὰρ
837 1713 903 1773 κτλ.
927 1714 993 1771 soa
1026 1711 1150 1770 eundem
1173 1708 1245 1769 ibid.
1269 1713 1333 1767 tro.

342 1824 488 1884 Secuntur
510 1821 648 1897 exempla
670 1819 799 1904 Tantali,
827 1816 936 1884 Midae,
961 1814 1061 1872 Darei.

342 1924 422 1986 Satis
444 1924 538 2000 igitur
566 1923 722 2000 perspicua
751 1918 947 1995 dispositione
970 1914 1102 1972 Iulianus
1132 1913 1324 1989 antiquiores,
1355 1918 1389 1969 ut
1469 1968 1482 1980 ,

242 2029 305 2106 ipse
338 2027 420 2102 dioit,
451 2031 571 2084 seoutus
595 2054 632 2062 -·
658 2039 733 2097 quos
757 2018 884 2094 Cynicos
908 2033 971 2074 ease
999 2015 1166 2072 invenimus
1193 2043 1225 2052 -
1252 2013 1389 2089 exposuit

242 2130 406 2205 sapientem
430 2124 554 2182 eundem
579 2140 644 2178 esse
668 2139 700 2176 uo
723 2137 823 2192 regem
847 2116 954 2174 bonum
978 2133 1103 2192 eumque
1127 2134 1216 2173 unum
1241 2133 1303 2172 esse

641 2236 775 2309 divitem,

639 2336 779 2408 nobilem,

642 2437 778 2504 liberum,

644 2536 787 2597 validum.

350 2657 462 2716 Eadem
498 2663 596 2713 autem
631 2653 847 2712 introductione
878 2651 1030 2711 Socration
1063 2659 1187 2711 utuntur
1212 2652 1270 2710 Dio
1293 2662 1322 2711 et
1345 2652 1391 2712 Iu·

249 2761 365 2829 liunus;
401 2757 457 2815 Dio
482 2773 599 2832 quoque
629 2755 797 2831 antiquiore
831 2755 912 2813 fonte
947 2755 990 2812 nti
1024 2773 1055 2812 se
1085 2753 1167 2812 dioit.
1211 2753 1317 2830 Itaque
1350 2755 1392 2812 sio

246 2862 402 2919 existimo:
427 2860 561 2918 lulianus
584 2879 640 2918 non
665 2878 702 2916 ex
726 2857 823 2918 Dione
847 2857 959 2927 hausit,
982 2857 1032 2916 sed
1057 2875 1095 2915 ex
1119 2857 1289 2934 antiquiore
1314 2856 1395 2915 sonte

246 2962 329 3020 ouius
356 2961 489 3020 ordinem
513 2961 598 3020 nobis
622 2961 764 3032 servavit,
789 2959 844 3018 Dio
868 2959 971 3025 eodem
991 2959 1072 3018 fonte
1088 2977 1158 3016 usus
1174 2977 1261 3016 unam
1277 2965 1393 3018 tantum

246 3070 361 3140 partem
385 3068 504 3139 praeter
527 3062 679 3120 exordium
697 3061 829 3138 praebet,
858 3079 917 3138 qua
932 3060 1152 3119 demonstratur
1166 3079 1267 3136 regem
1285 3060 1392 3119 bonum

247 3182 313 3222 esse
338 3156 484 3238 ἰσχυρόν,
507 3181 564 3222 non
587 3168 756 3239 tyrannum.
801 3159 937 3222 Ceterum
964 3167 996 3220 ut
1021 3163 1113 3220 moris
1135 3169 1179 3219 est
1203 3161 1314 3220 Iuliani
1335 3181 1393 3222 non

247 3263 342 3322 minus
376 3281 463 3340 quam
487 3261 602 3333 Dionis,
636 3263 708 3322 haee
736 3263 822 3340 quasi
856 3281 924 3321 ossa
947 3263 1088 3322 orationis
1113 3261 1216 3320 multis
1239 3264 1393 3322 sententiis

159 3395 162 3402 ·
248 3364 315 3421 aliis
350 3363 469 3422 aliunde
492 3365 658 3442 desumptis
684 3365 796 3442 passim
824 3364 982 3425 exornavit
1010 3370 1040 3422 et
1070 3383 1288 3440 nonnumquam
1322 3382 1411 3440 pau·¹

249 3464 310 3522 lum
334 3483 351 3521 a
373 3465 526 3541 proposito
547 3465 676 3526 aberrat.

345 3566 488 3625 Iulianas
509 3585 551 3626 or.
574 3566 618 3625 ΙΙ
636 3585 694 3626 νον
709 3567 835 3628 Dionem
856 3569 990 3641 monime,
1013 3569 1065 3626 sed
1085 3569 1255 3627 vetustiores
1272 3565 1395 3639 Cynicos

246 3668 387 3741 seqnitur.
432 3667 521 3727 Nova
544 3687 613 3743 pars
636 3669 781 3727 orationis
802 3668 964 3737 Iuliaueae,
995 3675 1134 3745 quaeest
1157 3667 1192 3726 de
1216 3667 1292 3726 bono
1315 3684 1395 3741 rege,

249 3903 393 3958 Theaeteti
421 3905 511 3959 looum
545 3909 573 3960 ot
591 3905 690 3960 Iulian.
710 3924 737 3977 p.
757 3907 821 3960 aab
838 3911 866 3962 et
884 3925 911 3976 p.
931 3907 965 3961 92
991 3907 1146 3961 intercedit.
1183 3905 1275 3959 Verbo
1301 3909 1395 3960 autem

247 3992 393 4047 Theaeteti
421 3994 505 4062 paulo
536 3995 679 4063 superiora
698 4012 725 4063 p.
747 3995 826 4049 lidd
844 3997 983 4063 τύραννόν
1010 4012 1042 4049 τε
1065 3996 1154 4063 γὰρὴ
1176 3995 1289 4061 βασιλέα
1307 3995 1395 4059 ἑγκω·

249 4081 417 4147 μιαζόμενον
436 4083 487 4135 ἕνα
501 4086 561 4135 τῶν
580 4084 690 4148 νομέων
709 4087 769 4138 κτλ.
789 4100 844 4136 non
864 4083 955 4136 minus
974 4083 1010 4136 ad
1029 4084 1225 4139 Antisthenem
1248 4100 1330 4150 quam
1358 4081 1395 4135 ad

249 4166 400 4222 Isooratom
420 4168 538 4234 (Nioool.
560 4170 603 4238 12,
619 4171 785 4236 Duemmler,
813 4170 988 4224 Almdemika
1006 4188 1035 4239 p.
1054 4171 1102 4239 62)
1122 4171 1268 4241 quadrant.
1314 4168 1395 4223 Dion.

249 4257 300 4310 XV
320 4258 354 4312 18
373 4275 436 4313 oum
455 4258 526 4313 Plat.
546 4259 609 4328 Lys.
630 4258 708 4315 ‘208⁰
727 4260 848 4315 conferri
877 4265 976 4330 potest.
1024 4260 1065 4314 De
1093 4277 1172 4314 servo
1191 4259 1314 4314 Iulianus
1340 4257 1396 4311 alio

249 4363 361 4487 ἶοοαοο
379 4347 440 4400 loeo
459 4347 537 4416 dicit,
556 4347 594 4402 VI
617 4348 697 4402 toto
717 4366 786 4418 sqq,
807 4349 973 4416 Cynicorum
992 4366 1070 4402 more
1088 4350 1127 4417 (p.
1148 4350 1198 4402 193
1209 4347 1247 4415 d);
1270 4345 1397 4400 similiter

276 4433 302 4488 io
322 4433 371 4488 XV
390 4435 433 4490 24.
522 4457 526 4538 q
1085 4465 1090 4528 q
