3298 5024
797 396 832 456 tt

243 589 288 646 eet
319 575 352 658 §d
381 585 523 660 30-42,
560 584 596 642 de
629 591 756 660 tyranno
797 585 854 644 Dio
893 584 1026 662 loquitur
1056 580 1073 658 ξ
1101 583 1153 642 44.
1189 580 1223 654 ἓὲ
1251 579 1384 642 58-61.

241 679 357 758 §Mo
381 704 424 761 sq.
460 685 476 753 ἓ
504 687 569 744 118.
606 685 640 755 §5
667 687 724 743 133
749 706 792 763 sq.
945 703 947 706 ·

343 777 383 860 ἐξ
406 785 525 843 58-61
563 806 642 846 nova
668 805 716 844 res
748 792 906 844 tractatur:
941 787 1034 846 vitam
1060 786 1141 862 regis
1164 787 1245 844 vitae
1267 786 1386 860 tyranni

244 902 279 942 eo
304 890 458 961 praestare
481 886 711 960 demonstratur,
734 887 810 962 quod
832 893 959 962 tyranno
973 885 1289 964 quoque'lortitudiue,
1313 895 1386 944 tem·

242 985 387 1060 perantia,
412 988 595 1046 continentia
616 1006 690 1064 opus
714 992 769 1060 est,
799 985 854 1044 bae
877 993 976 1044 autem
1009 986 1138 1044 virtutes
1171 986 1288 1044 facilius
1320 1005 1385 1044 cum

241 1086 358 1144 iustitia
390 1106 478 1163 quam
509 1106 574 1144 oum
609 1087 718 1145 iniuria
752 1087 883 1144 exerceri
916 1093 1068 1162 possunt·
1095 1085 1263 1146 Concedent
1285 1106 1386 1144 omnes

242 1185 315 1244 haec
338 1187 432 1246 verba
455 1193 485 1268 et
503 1206 525 1242 a
549 1187 796 1262 praecedentibus
811 1167 840 1246 et
856 1207 873 1245 a
888 1187 1080 1263 sequentibus
1093 1187 1182 1263 plane
1198 1187 1295 1245 aliena
1311 1205 1384 1247 esse.

243 1287 330 1346 Unde
365 1287 529 1361 tyrannus?
561 1289 646 1348 Unde
670 1296 811 1366 quattuor
831 1282 987 1349 virtutes?
1012 1288 1073 1349 Vix
1095 1288 1281 1346 meminimus
1307 1281 1325 1362 ἐ
1349 1289 1386 1344 10

244 1389 355 1448 similia
377 1388 455 1448 dicta
478 1409 551 1449 esse.
598 1391 691 1449 Porro
710 1391 825 1465 inspice
848 1390 934 1446 finem
958 1387 1046 1446 buius
1068 1389 1123 1445 loci
1147 1382 1165 1460 ξ
1189 1389 1245 1444 61:
1268 1371 1387 1446 οὐκοῦν

244 1485 305 1547 καὶ
326 1485 438 1564 ἡδίονα
463 1485 585 1565 ἀνάγκη
610 1487 668 1549 τὸν
684 1485 754 1563 βίον
769 1481 851 1547 εἶναι
867 1485 925 1546 τοῦ
940 1481 1064 1558 ἀγαθοῦ
1079 1484 1248 1562 βασιλέως.
1276 1487 1385 1558 ,Etiam

245 1590 400 1650 iucundior
419 1592 587 1649 necessario
604 1590 667 1647 vita
682 1589 763 1662 regis
780 1588 850 1646 boni
866 1594 912 1644 est
929 1606 1016 1663 quam
1032 1583 1173 1663 tyranni.‘
1197 1587 1279 1646 Haec
1294 1589 1387 1646 verba

243 1709 315 1748 sana
337 1709 402 1748 esse
419 1710 476 1747 non
492 1699 626 1764 possunt,
643 1690 701 1746 nisi
717 1695 805 1748 antea
820 1689 1055 1747 demonstratum
1068 1695 1131 1747 erat
1143 1690 1270 1750 virtutes
1286 1708 1387 1748 omnes

242 1791 271 1847 in
296 1808 367 1864 rege
390 1791 466 1849 bono
491 1790 596 1857 inesse,
619 1791 747 1849 maxime
763 1796 860 1849 autem
878 1790 1033 1862 iustitiam,
1058 1809 1117 1866 qua
1132 1797 1214 1849 caret
1228 1775 1385 1864 tyrannum

158 1891 161 1896 '
245 1910 321 1967 quae
344 1893 370 1951 si
393 1896 581 1968 exposuerat,
607 1910 731 1967 pergere
754 1898 888 1969 poterat:
911 1910 978 1966 ,non
995 1891 1091 1949 solum
1107 1891 1214 1950 iustior
1229 1891 1292 1950 vita
1306 1891 1387 1965 regis

244 1999 299 2064 est,
324 1993 375 2050 sed
398 1994 486 2050 etiam
510 1991 684 2050 iucundior.‘
729 1991 787 2058 Illa
810 1999 908 2050 autem
931 2009 1000 2067 pars
1017 1992 1102 2051 nobis
1120 1998 1239 2074 servata
1257 2011 1314 2051 non
1332 1998 1386 2050 est.

243 2092 300 2152 Sed
324 2099 436 2151 tantum
468 2093 654 2150 statuendum
686 2099 730 2150 est
754 2093 879 2150 Dionem
902 2087 940 2167 ἐξ
964 2093 1085 2151 58-61
1111 2092 1147 2151 ad
1168 2093 1297 2169 priorem
1319 2111 1386 2169 pro·

242 2195 417 2270 positionem
443 2189 462 2266 ᾗ
489 2194 525 2249 25
549 2193 653 2251 relabi.

345 2287 383 2368 ἐξ
407 2293 542 2352 62-84.
586 2293 633 2352 Ad
658 2288 675 2369 ξ
700 2294 737 2351 62
761 2291 953 2370 procedentes
977 2312 1080 2352 rursus
1101 2294 1240 2353 reicimur
1261 2294 1386 2357 adeam

244 2414 331 2472 quam
348 2395 434 2454 modo
451 2395 669 2470 reliqueramus
689 2394 928 2470 disputationem,
952 2402 1090 2473 quaeest
1112 2390 1184 2469 περὶ
1206 2389 1385 2469 ἐπιμελείας

243 2488 431 2567 ἀνθρώπων.
474 2493 578 2569 ltaque
605 2513 638 2552 eo
663 2495 759 2553 minus
782 2494 944 2570 dubitabis,
981 2497 1052 2573 quin
1086 2504 1165 2554 recte
1201 2515 1291 2572 supra
1318 2515 1383 2554 cum

243 2593 463 2670 Wegehauptio
492 2586 509 2668 ᾗ
533 2593 572 2650 62
605 2611 670 2666 cum
693 2594 751 2651 fine
780 2589 798 2668 ξ
822 2597 860 2652 55
883 2597 1132 2654 coniunxerimus.
1176 2594 1231 2654 Sed
1266 2597 1385 2654 minime

242 2714 319 2753 nunc
342 2693 568 2753 difficultatibus
592 2693 712 2752 liberati
734 2714 844 2754 sumus.
888 2692 929 2769 ἓξ
954 2697 1075 2754 62-85
1099 2695 1286 2771 Wegehaupt
1301 2717 1330 2772 p.
1347 2697 1384 2754 73

244 2795 377 2854 breviter
408 2796 558 2855 tractavit.
609 2797 699 2854 Recte
730 2797 946 2856 animadvertit·
975 2796 1102 2854 similem
1136 2797 1246 2880 exitum
1279 2816 1308 2872 p.
1333 2799 1385 2856 74:

243 2892 306 2954 καὶ
339 2894 463 2955 ταῦτα
497 2891 701 2956 οὐδέποτε
731 2891 875 2972 κάμνει
907 2891 1182 2972 χαριζόμενος-
1210 2897 1386 2974 quibuscum

243 2997 379 3054 conferas
404 2997 495 3054 velim
518 2997 731 3074 antecedentia,
761 2999 908 3075 imprimis
932 2999 1025 3058 verba
1047 2995 1064 3074 ξ
1089 3000 1144 3058 73:
1174 2992 1223 3058 ὅτι
1257 2995 1293 3058 δὲ
1327 2993 1386 3058 οὐκ

243 3088 407 3154 ἀναίνεται
435 3088 482 3153 δι’
505 3091 655 3170 αἰῶνος
690 3093 765 3170 ἡμῖν
796 3093 970 3172 ὑπουργῶν
994 3096 1058 3157 κτλ.
1082 3105 1173 3157 -et
1195 3093 1287 3172 §tltz
1322 3094 1385 3157 καὶ

243 3195 366 3255 ταῦτα
388 3191 620 3272 μηχανώμενος
641 3192 687 3256 δι’
712 3193 865 3273 αἰῶνος
889 3194 1090 3259 οὐδέποτε
1113 3194 1266 3271 κάμνει.
1312 3197 1386 3259 Gra·

243 3299 310 3359 vius
334 3300 422 3357 etiam
446 3304 499 3366 est,
524 3298 613 3376 quod,
637 3318 713 3375 quae
737 3292 754 3374 ἓ
780 3301 819 3357 74
844 3299 964 3359 brevius
988 3300 1184 3376 disputantur,
1207 3301 1308 3359 eadem
1323 3300 1386 3359 fere

244 3400 411 3458 accuratius
443 3405 569 3458 tractata
602 3401 793 3459 inveniuntur
823 3401 857 3472 ξς
882 3403 1014 3475 77-81,
1045 3401 1076 3460 id
1110 3401 1188 3479 quod
1222 3402 1257 3461 de
1280 3402 1385 3460 Arnim

242 3521 277 3577 p.v
294 3501 354 3558 423
384 3501 534 3576 coguovit.
580 3501 684 3578 Usque
709 3501 804 3560 adhuc
833 3523 898 3562 cum
930 3504 1004 3562 viris
1035 3503 1129 3563 doctis
1164 3502 1323 3574 adsentiar,
1355 3504 1385 3562 in

244 3604 350 3661 ceteris
374 3603 461 3678 plane
483 3604 519 3660 ab
542 3603 580 3660 iis
603 3603 836 3662 dissentiendum
861 3605 933 3663 mibi
954 3625 1018 3664 esse
1040 3607 1146 3666 fateor.
1191 3603 1277 3672 Quod
1307 3606 1385 3665 enim

243 3702 279 3758 de
301 3702 407 3761 Arnim
438 3704 540 3763 verbis
564 3703 580 3774 ἕ
604 3706 643 3762 75
668 3705 707 3761 in.
740 3699 758 3777 ἦ
790 3701 853 3764 πού
881 3722 916 3777 γε
942 3704 1092 3767 δουλείαν
1115 3700 1280 3766 δουλεύειν
1305 3701 1384 3780 φαίη

244 3818 292 3876 τις
315 3797 356 3862 ἂν
378 3798 462 3863 πάνυ
486 3798 621 3878 ἰσχυράν
644 3805 845 3870 antecedentia
869 3807 1004 3866 concludi
1025 3815 1108 3884 putat
1124 3814 1235 3884 etpost
1250 3801 1386 3880 ἰσχυρὰν

243 3904 379 3962 lacunam
403 3905 589 3964 statuendam
612 3925 685 3975 esse,
709 3907 782 3966 mibi
805 3909 924 3985 quidem
944 3909 1048 3968 lacuna
1070 3915 1138 3967 ante
1159 3902 1179 3981 ἦ
1202 3903 1317 3979 πού-γε
1333 3927 1384 3966 ox·

243 4012 323 4064 stare
345 4005 474 4066 videtur.
518 4005 616 4082 lpsum
641 4007 805 4083 asyndeton
829 4009 935 4067 mirum
953 4017 1014 4078 est;
1038 4009 1126 4068 credo
1143 4009 1317 4068 sententiam
1334 4027 1385 4067 ex-

243 4106 350 4166 cidisse
372 4108 434 4166 eius
456 4108 519 4166 fere
542 4109 665 4180 formae,
698 4110 816 4186 qualem
845 4110 936 4168 habes
959 4105 976 4182 ἕ
997 4111 1037 4169 82
1059 4111 1110 4170 in:
1145 4104 1229 4170 ὅπου
1252 4106 1287 4169 δὲ
1309 4105 1385 4184 θεὸς

244 4200 415 4268 διτάνταιν
444 4203 616 4282 κάλλιστος
652 4205 703 4267 καὶ
736 4205 968 4284 φανερώτατος
1001 4209 1077 4280 κτλ,
1112 4229 1201 4286 quam
1234 4210 1402 4286 excipiunt·

243 4304 375 4382 verbab
400 4304 463 4368 πού
485 4325 521 4379 γε
545 4304 718 4383 ἄνθρωπον
741 4309 806 4370 κτλ.
851 4311 968 4387 Optime
984 4318 1083 4369 autem
1099 4318 1200 4371 contra
1215 4311 1384 4370 Arnimium

162 4438 166 4446 ·
243 4410 386 4468 contendo
410 4410 510 4470 verbis
534 4405 561 4470 εἰ
583 4407 644 4486 γὰρ
665 4408 717 4471 καὶ
738 4408 872 4486 σμικρὸν
888 4411 952 4472 κτλ.
991 4431 1110 4471 oausam
1134 4413 1268 4486 indicari,
1292 4432 1385 4491 quare
