3298 5024
816 381 855 454 θθ

266 575 345 644 Pint.
369 603 398 662 p.
424 575 524 644 7806:
559 569 670 656 ὥσπερ
695 573 714 640 6
737 574 845 639 κανὼν
868 621 875 636 .
898 617 905 637 .
928 625 935 638 .
959 565 1141 652 (intendisset,
1174 557 1410 653 παραπλησίως

264 685 322 750 τὸν
344 683 495 762 ἄρχοντα.
1278 739 1279 742 ,
1395 689 1399 697 ’

367 789 422 849 Dio
446 788 459 842 1
484 789 537 846 75:
560 782 579 845 6
602 782 637 845 δὲ
659 780 757 858 ἐγγὺς
780 776 877 856 οὗτος
900 775 1044 855 ἑστηκὼς
1065 778 1123 855 τῆς
1146 775 1317 855 Βασιλείας
1335 773 1410 856 παρ’

267 885 347 950 αὐτὸ
370 885 408 949 τό
429 889 595 962 σκῆπτρον
620 881 803 960 ἔμπροσθεν
828 878 960 958 ἰσχυρὸς
983 875 1073 957 ἀνήρ,
1107 877 1220 952 πολιὸς
1243 877 1295 941 καί
1316 897 1409 955 μεγα-

266 987 410 1067 λόφρων,
440 983 537 1062 οὗτος
560 982 599 1059 δὴ
623 981 672 1062 (de
696 985 781 1052 Aru,
805 980 840 1043 δὲ
864 979 961 1058 codd.)
985 981 1126 1042 καλεῖται
1148 977 1295 1056 Νόμος,
1331 977 1350 1041 6
1370 979 1411 1044 δὲ

266 1087 391 1165 αὐτὸς
407 1086 472 1150 καὶ
494 1084 616 1160 λόγος
639 1081 762 1159 ὀρθός
792 1081 1003 1158 κέκληται,
1036 1078 1221 1157 σύμβουλος
1243 1078 1294 1142 καὶ
1316 1077 1412 1158 πάρε-

267 1195 354 1268 δρος,
386 1185 432 1250 οὗ
464 1184 584 1265 χωρὶς
618 1182 737 1247 οὐδὲν
772 1180 945 1260 ἐκείναις
979 1180 1057 1252 (scil.
1085 1179 1285 1262 Βασιλείᾳ,
1319 1181 1412 1262 Δίκῃ,

271 1287 423 1370 Εὐνομία,
448 1284 578 1369 Εἰρήνῃ)
597 1287 741 1362 πρᾶξαι
763 1284 876 1361 θέμις
899 1280 996 1346 οὐδὲ
1017 1285 1286 1358 διανοηθῆναι.
1311 1284 1411 1346 καλεῖ·

266 1409 318 1453 ται
334 1392 446 1450 delevit
461 1390 497 1449 de
514 1389 682 1448 Wilnmow.
699 1395 822 1464 propter
845 1388 930 1445 iuxtu
952 1386 1080 1463 positum
1104 1380 1261 1458 κέκληται
1295 1385 1342 1444 An
1363 1383 1412 1446 κέ·

267 1493 379 1567 κληται
400 1491 437 1551 ud
460 1490 593 1552 Stoicum
611 1490 697 1549 itlnm
713 1489 854 1566 pertinet,
877 1486 1015 1564 ansquis
1029 1487 1098 1560 fnit,
1121 1486 1171 1562 qui
1187 1487 1299 1563 primns
1316 1486 1411 1563 legum

267 1595 309 1654 ita
331 1589 517 1671 appellavit?
540 1590 640 1650 Stoica
662 1590 741 1648 enim
763 1595 810 1647 est
831 1587 1008 1666 appellatio:
1043 1587 1141 1646 Luert.
1169 1584 1254 1664 Βίας.
1278 1586 1335 1648 VII
1358 1587 1411 1647 88:

267 1691 287 1754 6
308 1690 411 1768 νόμος
433 1689 452 1752 6
476 1685 595 1764 κοινός,
618 1685 723 1764 ὅσπερ
739 1685 829 1750 ἐστὶν
851 1684 870 1748 6
893 1683 992 1762 ὀρθὸς
1015 1683 1115 1764 λόγος
1138 1684 1191 1747 διὰ
1212 1681 1342 1748 πάντων
1364 1683 1412 1762 έρ-

267 1789 416 1870 χόμενος,
439 1789 458 1852 6
478 1787 579 1867 αὐτὸς
601 1788 646 1853 ὢν
669 1792 714 1870 τῷ
736 1788 791 1851 Διὶ
813 1785 1008 1865 καθηγεμόνι
1030 1786 1135 1868 τούτῳ
1158 1791 1216 1865 τῆς
1239 1789 1306 1850 τῶν
1327 1785 1413 1850 ὅλων

267 1893 458 1969 διοικήσεως
493 1888 571 1953 ὄντι.
613 1889 766 1968 (Ceterum
802 1892 839 1951 ad
859 1899 1004 1950 ‘extrema
1027 1893 1120 1950 verbs
1143 1893 1181 1950 uf.
1204 1891 1290 1951 Dion.
1312 1892 1328 1949 I
1350 1891 1414 1963 42.)

270 1995 395 2075 Propius
418 1997 454 2056 ad
478 1989 677 2072 Chrysippum
701 1994 817 2052 secedit
839 1993 922 2065 Stob.
944 1991 1025 2052 anth.
1048 1993 1080 2051 II
1103 1991 1414 2070 c.v11116p.9610

268 2097 430 2157 wanhun:
465 2092 531 2157 Τὸν
564 2094 600 2155 δέ
634 2091 735 2169 νόμον
767 2094 949 2156 σπουδαῖον
977 2088 1057 2155 εἷναί
1079 2104 1170 2170 φασι,
1193 2088 1294 2165 λόγου
1314 2088 1414 2169 όρθόυ

267 2191 347 2256 ὄντα
370 2192 609 2271 προστακτικὸν
632 2194 689 2270 μὲν
711 2190 758 2256 ὧν
781 2193 944 2268 ποιητέον,
967 2191 1223 2270 ἀπαγορευτικὸν
1245 2193 1281 2255 δὲ
1305 2189 1352 2255 ὧν
1374 2191 1414 2255 οὐ

266 2295 428 2371 ποιητέον.

367 2399 423 2458 His
446 2400 519 2460 lonis
543 2398 709 2458 Stoicorum
734 2401 811 2458 inter
827 2398 923 2475 legem
940 2385 1135 2471 οοιυαιυποιυ,
1159 2417 1218 2475 qun
1235 2404 1315 2458 totns
1332 2418 1414 2457 mnu·

268 2499 323 2559 dns
348 2502 471 2575 regitur,
506 2502 553 2559 uui
576 2521 641 2559 eum
665 2503 759 2559 omnis
782 2508 889 2560 naturu
919 2508 980 2560 tum
1004 2521 1058 2562 rex
1080 2508 1174 2578 paret,
1199 2508 1228 2560 et
1250 2501 1413 2578 leges-siu·

267 2600 407 2676 gularum
430 2601 585 2661 civitatum
610 2621 666 2661 non
690 2601 894 2677 distinguitur.
929 2603 1030 2662 Aliter
1043 2602 1256 2676 Antisthenes3
1281 2604 1332 2681 qui
1348 2622 1413 2664 ουιιι

265 2701 333 2777 lege
356 2701 457 2761 mundi
480 2704 529 2762 vel
553 2704 658 2763 divina
685 2703 823 2779 neglecta
844 2703 880 2761 de
901 2702 1040 2762 humuuis
1061 2704 1111 2763 vel
1136 2703 1267 2764 civitatis
1299 2703 1414 2779 tegibus
1449 2773 1451 2776 ¹

266 2803 339 2862 solis
364 2813 532 2880 quaereret,
555 2801 612 2864 τόν
634 2799 743 2879 σοφόν
765 2804 843 2863 dixit
857 2798 897 2864 οὐ
920 2799 1001 2864 κατὰ
1019 2799 1096 2878 τοὺς
1112 2799 1279 2878 κειμένους
1293 2798 1414 2878 νόμους

215 2935 219 2940 ·
266 2899 503 2982 πολιτεύεσθαι,
527 2900 611 2966 ἀλλὰ
633 2902 713 2966 κατὰ
736 2902 794 2966 τόν
815 2907 874 2981 τῆς
898 2899 1026 2981 ἀρετῆς.
1071 2906 1103 2966 L.
1121 2903 1155 2964 D.
1169 2905 1212 2963 VI
1230 2905 1278 2981 11,
1303 2905 1414 2964 Kserst

266 3024 296 3081 p.
314 3005 348 3062 21
376 3025 404 3062 n.
422 3007 450 3062 2.
496 3005 603 3081 Itaque
620 3025 673 3064 rex
697 3007 754 3064 sibi
779 3008 843 3083 ipss
866 3025 919 3083 pro
942 3007 1009 3083 lege
1034 3014 1089 3074 est,
1112 3014 1144 3065 nt
1166 3006 1209 3065 sit
1231 3005 1414 3066 Aristoteles

266 3103 326 3181 pol.
349 3103 399 3162 III
422 3105 441 3164 3
463 3125 491 3182 p.
510 3107 606 3164 1284·
630 3108 687 3164 14:
720 3100 811 3165 αὐτοὶ
832 3101 895 3179 γάρ
917 3101 979 3166 εἰσι
1000 3102 1111 3182 νόμος.
1155 3107 1296 3166 Fortasse
1324 3108 1412 3165 stissn

266 3203 340 3264 husu
357 3204 544 3264 Antisthenis
565 3206 660 3266 verba
680 3213 759 3283 sunt,
784 3225 870 3283 quem
887 3207 1082 3284 sequentibus
1098 3207 1280 3266 Aristoteles
1293 3207 1413 3268 luudst:

266 3302 391 3377 λέγοιεν
416 3301 477 3380 γὰρ
500 3302 540 3368 ἂν
562 3300 644 3382 ἴσως
669 3300 750 3381 ἅπερ
765 3301 974 3381 Ἀντισθένης
996 3301 1060 3382 ἔφη
1093 3301 1171 3380 τοὺς
1203 3302 1338 3380 λέοντας
1361 3306 1414 3380 θη-

245 3402 496 3496 ομηγορούντων
528 3405 594 3466 τιθν
627 3403 826 3468 δασυπόδων
859 3403 912 3468 καί
933 3403 971 3469 τὸ
992 3402 1067 3468 ἴσον
1088 3401 1265 3468 ἀξιούντων
1287 3399 1414 3480 πάντας

266 3500 361 3580 ἔχειν.
392 3506 528 3568 Ceterum
544 3528 581 3568 ne
596 3503 804 3583 μυθολόγημα
820 3508 939 3586 quidem
963 3508 1042 3586 qnod
1066 3509 1202 3586 sequitur
1223 3527 1271 3585 up.
1287 3509 1414 3566 Aristot.

267 3608 479 3685 l.1.p.1284·
497 3611 536 3668 23
553 3612 796 3684 Argonautarum
818 3615 849 3667 et
864 3609 1004 3668 Herculis
1026 3609 1066 3668 ab
1090 3607 1277 3670 Antisthenis
1299 3610 1415 3669 mione

241 3733 244 3738 ·
268 3707 418 3766 abhorret.
464 3709 528 3767 Rex
561 3710 655 3786 igitur
683 3709 733 3767 vul
759 3710 823 3786 ipse
848 3708 897 3768 lex
920 3728 986 3768 usse
1009 3708 1059 3768 vel
1083 3711 1166 3785 leges
1188 3709 1334 3770 humanas
1356 3729 1414 3768 uon

268 3823 371 3868 curare
406 3808 529 3881 diuitur;
565 3817 723 3888 utrumqne
747 3809 841 3870 hsbus
878 3829 935 3870 nno
968 3810 1033 3868 ίοοο
1056 3808 1214 3868 Τίιατπίιιιίί
1237 3809 1251 3867 I
1271 3827 1303 3886 p.
1328 3810 1414 3869 166:

268 3903 423 3982 βασιλεὺς
445 3905 497 3967 καὶ
519 3903 619 3983 αὐτὸς
643 3905 745 3984 νόμος
760 3907 808 3970 ὢν
823 3906 875 3969 καὶ
890 3903 1041 3984 ὑπεράνω
1055 3909 1121 3969 τῶν
1135 3904 1245 3983 νόμων
1261 3911 1311 3984 (st.
1325 3911 1414 3969 etism

267 4008 398 4067 eiusdem
430 4028 472 4068 or.
497 4009 554 4068 XV
581 4031 608 4087 p.
632 4011 718 4068 stud
751 4011 830 4069 infra
865 4007 972 4084 laud.);
1007 4009 1085 4069 idem
1120 4010 1192 4068 diuit
1215 4010 1283 4071 Dio.
1306 4029 1350 4070 ur.
1372 4009 1414 4066 III

268 4103 364 4182 510:
395 4110 441 4190 τῷ
465 4107 584 4184 μείζονι
605 4111 670 4169 τῶν
694 4106 803 4186 νόμων
824 4118 853 4168 οι
877 4105 895 4185 ξ
918 4112 971 4170 43:
1003 4106 1022 4170 6
1051 4107 1088 4171 δὲ
1120 4106 1222 4185 νόμος
1255 4105 1415 4186 βασιλέως

268 4202 380 4282 δόγμα.
423 4209 466 4269 Of.
481 4210 604 4270 LXXVI
619 4213 653 4270 σε
678 4210 744 4272 τιθν
767 4208 823 4286 μὲν
847 4205 957 4284 νόμων
980 4204 1063 4272 εἰσίν
1085 4205 1116 4270 οἱ
1139 4209 1283 4287 βασιλεῖς
1306 4203 1415 4269 ἐπάνω

268 4303 447 4370 καὶπολλὰ
471 4306 649 4387 πράττουσι
680 4309 755 4387 παρ’
779 4308 909 4388 αὐτούς.
954 4313 1028 4370 Inde
1061 4331 1115 4372 rex
1138 4314 1211 4373 viva
1231 4312 1280 4370 lex
1303 4312 1353 4371 vel
1376 4313 1413 4370 si·

268 4407 380 4482 militer
409 4413 588 4489 appellatur.
640 4414 685 4472 As
706 4414 834 4490 primum
870 4413 989 4491 quidum
1012 4414 1088 4474 Xon.
1113 4412 1224 4490 Gyrup.
1249 4411 1327 4473 VIII
1354 4415 1414 4472 λιιι
