3298 5024
836 375 853 430 9
955 456 958 460 .

281 570 376 623 sertas
399 583 464 622 csse
487 567 580 639 putat.
628 559 672 620 cf.
696 579 771 637 quae
795 577 890 634 supra
907 577 934 633 p.
957 557 974 612 6
999 576 1042 632 sq.
1064 555 1100 613 dc
1121 547 1235 614 αὐτίκα
1256 559 1286 611 et
1307 547 1419 622 ἐπειδὴ

278 663 314 726 δὲ
338 665 473 723 diximus.
1524 725 1528 735 .

377 759 415 840 ,85
440 765 571 820 25-50.
608 762 675 837 ‚Sed
692 781 729 820 ne
744 760 859 818 adulari
877 759 999 824 videar‘,
1013 757 1079 816 'Dio
1097 758 1197 833 pergit
1213 753 1232 830 ἓ
1248 758 1297 826 25,
1312 750 1418 827 ποιή·

277 876 400 937 σομαι
432 861 521 937 τοὺς
554 859 704 936 λόγους
746 856 839 934 ὑπὲρ
882 859 968 918 τοῦ.
992 856 1169 934 χρηστοῦ
1194 852 1419 932 ’βασιλέως

276 963 422 1027 ὁποῖον
449 959 630 1025 εἶναιδεῖ
660 958 805 1036 καλπίς
828 959 847 1036 ἡ
869 957 1046 1034 διαφορὰ
1075 959 1147 1020 τοῦ
1179 968 1419 1032 προσποιου-

276 1065 396 1139 μένου
420 1064 489 1140 μὲν
512 1060 716 1140 ἄρχοντος
748 1058 872 1129 εἶναι,
906 1061 1095 1122 πλεῖστον
1124 1058 1167 1121 δὲ
1195 1055 1419 1134 ἀπέχοντος

277 1163 398 1242 ἀρχῆς
421 1164 484 1226 καὶ
507 1162 727 1240 βασιλείας.
772 1165 829 1225 Sed
856 1175 887 1224 ut
909 1184 973 1222 mos
1008 1171 1053 1222 est
1073 1158 1165 1236 ἀνδρὶ
1191 1157 1301 1241 ἀλήτῃ,
1321 1162 1418 1238 'prius-

277 1289 364 1344 quam
389 1287 419 1325 re
452 1287 525 1325 vcra
548 1267 679 1343 incipiat,
703 1275 873 1327 sermonem
902 1268 1006 1342 interp
1021 1267 1064 1322 nlt
1087 1284 1104 1322 a
1126 1263 1246 1323 Socrate
1279 1263 1322 1320 de'
1349 1281 1418 1338 rege

276 1369 435 1426 Persarum
471 1369 604 1427 habitum
637 1375 666 1426 et
701 1388 777 1446 quae
800 1353 944 1426 Socratici
978 1361 1023 1441 (oi
1046 1362 1111 1437 μετ’
1134 1359 1232 1424 αὐτὸν
1254 1359 1346 1438 542)
1383 1363 1418 1421 de

277 1470 370 1528 variis
387 1469 568 1544 reipublicae
585 1470 688 1527 formis
706 1469 854 1526 dixerunt.
893 1467 1020 1525 Tandem
1040 1484 1106 1524 sero
1122 1473 1212 1542 atque
1228 1484 1298 1523 uana
1314 1461 1420 1524 πολλὰ

278 1564 407 1643 ἀληθεῖς
437 1569 471 1626 ad
505 1570 686 1644 propositum
712 1565 828 1644 redit'§
851 1571 890 1626 49
907 1589 950 1644 sq.
982 1562 1105 1628 τούτων
1131 1563 1188 1641 μὲν
1210 1560 1344 1638 ὁλόγος
1366 1560 1418 1625 ἄλ·

275 1672 341 1744 λως
358 1667 548 1743 ’ἐπεμνήσθη
574 1667 678 1730 πολλὰ
694 1669 865 1745 παθήματα
891 1667 942 1730 καὶ
957 1665 1131 1744 συμφορὰς
1152 1662 1292 1741 ’ἑκάστης
1312 1661 1419 1726 αὐτῶν

277 1767 312 1830 ἐκ
334 1770 392 1830 τοῦ
414 1765 716 1846 πρότερον-χρόνου
740 1771 839 1833 δεῖξαι
862 1767 1059 1846 δυνάμενος·
1082 1758 1163 1845 περὶΙ
1177 1767 1213 1829 δὲ
1235 1769 1292 1842 τῆς
1318 1762 1417 1827 εὐδαί-

276 1867 376 1945 μονός
407 1887 441 1930 τε
470 1867 521 1930 καὶ
553 1868 641 1945 θείας
665 1870 897 1948 καταστάσεως
928 1874 985 1946 τῆς
1020 1871 1078 1931 νῦν
1100 1865 1334 1945 ἐπικρατούσης
1357 1864 1417 1943 χρὴ

275 1970 411 2032 διελθεῖν
433 1967 690 2047 ἐπιμελέστερον.
1203 1983 1206 1988 “

369 2073 497 2131 ‚Fontem
519 2073 613 2147 igitur
639 2073 692 2131 llio
716 2074 770 2132 λοο
792 2075 857 2133 Ιοιο
880 2077 1023 2152 sequitur,
1047 2076 1076 2134 in
1100 2093 1158 2150 quo
1181 2092 1238 2132 non
1262 2073 1359 2132 solum
1383 2071 1418 2128 de

237 2234 240 2240 ,
276 2179 369 2249 ragno
394 2179 425 2230 et
447 2172 617 2247 tyrannide,
649 2173 813 2232 sedetiam
847 2175 882 2233 de
906 2177 1012 2235 ceteris
1047 2175 1228 2251 reipublicae
1258 2173 1418 2249 generibus

266 2273 444 2333 accuratius
467 2273 650 2350 disputatum
673 2281 748 2336 erat.
791 2276 833 2333 At-
856 2274 925 2352 quid
951 2275 1006 2335 hoc
1029 2277 1093 2334 loco
1116 2270 1210 2334 dicit?
1237 2276 1314 2333 Dicit
1335 2293 1366 2332 se
1383 2273 1418 2331 d‘e

277 2378 351 2435 bono
375 2393 446 2450 rege
466 2373 534 2432 'solo
557 2371 779 2450 disputaturum
802 2396 868 2434 csse
891 2377 1010 2436 omissis
1034 2379 1141 2436 ceteris
1164 2377 1346 2454 reipublicae
1368 2394 1418 2447 ga·

275 2477 405 2551 neribus,
439 2475 549 2532 omissa
572 2477 661 2533 etiam
689 2479 865 2552 tyrannide!
900 2487 930 2536 at
954 2488 1050 2538 tamen
1074 2478 1202 2552 antea'§
1226 2481 1263 2536 25
1301 2478 1419 2536 dixerat

276 2595 341 2635 sese
364 2575 632 2633 demonstraturum
653 2595 728 2654 esse,
751 2579 858 2655 quibus
881 2580 971 2637 rebus
993 2587 1136 2654 tyrannus
1158 2601 1175 2638 a
1197 2599 1270 2654 rege¹
1291 2579 1416 2639 differat.

276 2677 368 2736 Vides
402 2677 497 2752 igitur
524 2671 543 2749 ξ
567 2678 606 2736 50
637 2695 744 2738 novam
777 2680 1002 2757 dispositionem
1031 2681 1164 2753 indicari,
1197 2687 1272 2758 quae
1305 2688 1418 2756 pugnat

268 2787 376 2838 -contra
412 2797 486 2852 eum,
517 2797 592 2854 qnae
614 2775 633 2856 ξ
657 2783 695 2840 25
720 2783 895 2843 continetur.
942 2782 1045 2861 ltaque
1074 2784 1209 2861 quaestio
1236 2781 1418 2840 instituenda

274 2882 340 2953 crit,
377 2889 473 2938 utram
499 2881 722 2960 dispositionem
754 2885 870 2960 reliqua
897 2903 967 2961 pars
991 2887 1142 2944 orationis
1165 2892 1315 2962 sequatur,
1348 2903 1417 2958 uum

275 2983 402 3040 fortasse
427 2991 591 3061 utramque.
637 2983 682 3042 Ao
710 2985 836 3060 primum
866 2985 984 3063 quidem
1018 2986 1111 3045 verba
1142 2981 1259 3046 πολλαὶ
1278 2982 1337 3058 μὲν
1359 2977 1418 3044 οὖν

274 3077 399 3164 εἰκόνες
421 3086 583 3142 orationem
616 3084 840 3160 praecedentem
875 3087 948 3144 bene
974 3088 1133 3164 excipiunt.
1180 3087 1317 3162 Derege
1340 3085 1416 3144 bono
1456 3071 1458 3076 ¹

274 3184 351 3243 enim
374 3184 509 3244 dicturus
531 3191 589 3252 est;
620 3184 670 3244 scd
702 3205 738 3244 ne
761 3187 867 3262 longus
898 3190 937 3245 sit
960 3195 989 3246 et
1012 3207 1029 3246 a
1053 3190 1205 3272 proposito
1228 3187 1350 3248 nimium
1373 3185 1416 3244 di·

274 3285 436 3358 gradiatur,
464 3287 573 3345 multas
597 3287 743 3362 imagines
768 3281 900 3364 (§5l1)1,
924 3289 1050 3366 quaein
1074 3289 1155 3347 fonte
1178 3289 1240 3347 ains
1263 3289 1300 3346 ad
1315 3307 1417 3364 regem

274 3384 501 3464 adhibebuntur,
524 3406 560 3446 ex
582 3389 725 3465 gregibus
749 3390 799 3448 vel
824 3390 931 3466 apibus
948 3380 1087 3466 ¹sumptas
1111 3390 1332 3466 praetermittit.
1369 3388 1416 3447 Sic

274 3499 343 3563 puto
366 3489 483 3547 facilius
507 3488 579 3549 baec
603 3491 695 3549 verba
719 3491 866 3567 explicari
894 3497 983 3568 atque
1015 3491 1112 3550 minus
1142 3491 1301 3550 artificiose
1328 3499 1415 3567 quam

273 3608 332 3665 qua
353 3589 542 3668 Wegchaupt
562 3612 590 3669 p.
616 3593 654 3649 79
672 3601 724 3668 sq.'
741 3593 875 3651 instituit
902 3578 1029 3652 ratione:
1065 3593 1189 3654 Dionem
1211 3593 1264 3652 illc
1287 3592 1359 3651 dicit
1381 3609 1417 3650 ex

273 3689 475 3766 collectaneis,
511 3711 585 3770 quae
620 3692 707 3750 sicuti
734 3691 912 3752 Plutarchus
943 3693 980 3753 de
1012 3695 1140 3770 singulis
1168 3694 1417 3754 vitaehumanae

274 3789 361 3848 rebus
385 3793 592 3868 composuerit,
617 3793 722 3850 ceteris
746 3793 865 3852 omissis
889 3814 978 3852 unum
1001 3795 1123 3870 eligere.

373 3891 560 3969 interruptus
583 3902 629 3951 est
651 3889 670 3966 ξ
696 3894 736 3952 50
769 3893 852 3953 locus
879 3894 915 3953 de
938 3915 1008 3970 rege
1032 3896 1111 3956 lovis
1133 3897 1292 3970 imitatore,
1326 3903 1356 3955 ut
1381 3894 1416 3954 de

272 3992 461 4050 Aminiam
488 3993 518 4050 in
541 3991 669 4052 Hermae
700 3995 762 4053 vol.
785 3992 886 4052 XXVI
920 3996 1145 4072 demonstravit,
1175 3998 1293 4075 qualem
1323 3996 1416 4056 habes

272 4093 358 4152 137.
381 4094 437 4152 ΧΗ
464 4094 512 4163 75,
542 4094 607 4153 sive
634 4115 651 4152 a
674 4095 797 4155 librario
821 4093 873 4169 (de
898 4099 1002 4157 Arnim
1030 4099 1047 4157 l.
1073 4099 1103 4173 l.,
1126 4098 1203 4156 idem
1227 4099 1297 4160 edit.
1319 4099 1414 4175 praei.

272 4255 468 4267 m—

371 4355 381 4392 ¹
400 4358 433 4412 ae
452 4363 563 4427 pauore
582 4359 638 4413 um
657 4359 730 4414 oua
748 4358 761 4430 e
781 4362 824 4415 ιι.
846 4363 879 4417 cf.
898 4365 983 4419 etiam
1004 4333 1023 4416 ι1
1038 4365 1078 4418 ιι.
1099 4345 1134 4417 ιν
1154 4366 1197 4418 43.
