<?xml version="1.0" encoding="UTF-8"?>
<!DOCTYPE html PUBLIC "-//W3C//DTD XHTML 1.0 Transitional//EN"
    "http://www.w3.org/TR/xhtml1/DTD/xhtml1-transitional.dtd">
<html xmlns="http://www.w3.org/1999/xhtml" xml:lang="en" lang="en">
 <head>
  <title>
</title>
<meta http-equiv="Content-Type" content="text/html;charset=utf-8" />
  <meta name='ocr-system' content='tesseract 3.04.00' />
  <meta name='ocr-capabilities' content='ocr_page ocr_carea ocr_par ocr_line ocrx_word'/>
</head>
<body>
  <div class='ocr_page' id='page_1' title='image "./dedionischrysos00fiscgoog_0047.png"; bbox 0 0 3298 5024; ppageno 0'>
   <div class='ocr_carea' id='block_1_1' title="bbox 791 353 831 414">
    <p class='ocr_par' dir='ltr' id='par_1_1' title="bbox 791 353 831 414">
     <span class='ocr_line' id='line_1_1' title="bbox 791 353 831 414; baseline 0 0"><span class='ocrx_word' id='word_1_1' title='bbox 791 353 831 414; x_wconf 78' lang='lat'><strong>40</strong></span> 
     </span>
    </p>
   </div>
   <div class='ocr_carea' id='block_1_2' title="bbox 206 529 1392 2231">
    <p class='ocr_par' dir='ltr' id='par_1_2' title="bbox 240 529 1391 1727">
     <span class='ocr_line' id='line_1_2' title="bbox 240 529 1389 614; baseline -0.003 -15"><span class='ocrx_word' id='word_1_2' title='bbox 240 553 355 614; x_wconf 86' lang='grc' dir='ltr'>μενον,</span> <span class='ocrx_word' id='word_1_3' title='bbox 392 532 443 598; x_wconf 88' lang='grc' dir='ltr'><strong>καί</strong></span> <span class='ocrx_word' id='word_1_4' title='bbox 475 536 593 598; x_wconf 78' lang='grc' dir='ltr'>τοῦτον</span> <span class='ocrx_word' id='word_1_5' title='bbox 625 531 665 597; x_wconf 85' lang='grc' dir='ltr'><strong>οὐ</strong></span> <span class='ocrx_word' id='word_1_6' title='bbox 699 534 889 598; x_wconf 86' lang='grc' dir='ltr'>σπουδαῖον</span> <span class='ocrx_word' id='word_1_7' title='bbox 922 529 1106 612; x_wconf 86' lang='grc' dir='ltr'>ἄνθρωπον,</span> <span class='ocrx_word' id='word_1_8' title='bbox 1144 529 1225 598; x_wconf 79' lang='grc' dir='ltr'>ἀλλὰ</span> <span class='ocrx_word' id='word_1_9' title='bbox 1257 531 1293 596; x_wconf 84' lang='grc' dir='ltr'><strong>ἐκ</strong></span> <span class='ocrx_word' id='word_1_10' title='bbox 1325 535 1389 596; x_wconf 90' lang='grc' dir='ltr'>τῶν</span> 
     </span>
     <span class='ocr_line' id='line_1_3' title="bbox 240 632 1389 715; baseline -0.003 -14"><span class='ocrx_word' id='word_1_11' title='bbox 240 635 474 715; x_wconf 84' lang='grc' dir='ltr'>ἐπιτυχόντων,</span> <span class='ocrx_word' id='word_1_12' title='bbox 516 633 645 711; x_wconf 82' lang='grc' dir='ltr'>ἀγνοῶν</span> <span class='ocrx_word' id='word_1_13' title='bbox 677 633 726 698; x_wconf 90' lang='grc' dir='ltr'>ότι</span> <span class='ocrx_word' id='word_1_14' title='bbox 768 638 829 698; x_wconf 85' lang='grc' dir='ltr'>τοῦ</span> <span class='ocrx_word' id='word_1_15' title='bbox 868 632 991 710; x_wconf 84' lang='grc' dir='ltr'>ἀγαθοῦ</span> <span class='ocrx_word' id='word_1_16' title='bbox 1038 635 1198 714; x_wconf 83' lang='grc' dir='ltr'>βασιλέως</span> <span class='ocrx_word' id='word_1_17' title='bbox 1235 633 1265 698; x_wconf 84' lang='grc' dir='ltr'><strong>οἱ</strong></span> <span class='ocrx_word' id='word_1_18' title='bbox 1300 634 1389 714; x_wconf 83' lang='grc' dir='ltr'>φίλοι</span> 
     </span>
     <span class='ocr_line' id='line_1_4' title="bbox 241 735 1389 818; baseline -0.002 -16"><span class='ocrx_word' id='word_1_19' title='bbox 241 737 361 816; x_wconf 86' lang='grc' dir='ltr'>πάντες</span> <span class='ocrx_word' id='word_1_20' title='bbox 389 735 470 801; x_wconf 81' lang='grc' dir='ltr'>εἰσὶν</span> <span class='ocrx_word' id='word_1_21' title='bbox 493 735 666 816; x_wconf 85' lang='grc' dir='ltr'>ὀφθαλμοί,</span> <span class='ocrx_word' id='word_1_22' title='bbox 701 739 859 800; x_wconf 86' lang='lat' dir='ltr'><strong>defendere</strong></span> <span class='ocrx_word' id='word_1_23' title='bbox 894 741 990 800; x_wconf 85' lang='lat' dir='ltr'><strong>conati</strong></span> <span class='ocrx_word' id='word_1_24' title='bbox 1026 760 1136 799; x_wconf 90' lang='lat' dir='ltr'><strong>sumus.</strong></span> <span class='ocrx_word' id='word_1_25' title='bbox 1181 740 1282 799; x_wconf 86' lang='lat' dir='ltr'><strong>Verba</strong></span> <span class='ocrx_word' id='word_1_26' title='bbox 1314 759 1389 818; x_wconf 86' lang='lat' dir='ltr'><strong>quae</strong></span> 
     </span>
     <span class='ocr_line' id='line_1_5' title="bbox 242 840 1389 920; baseline 0 -18"><span class='ocrx_word' id='word_1_27' title='bbox 242 843 366 902; x_wconf 82' lang='lat' dir='ltr'><strong>humilia</strong></span> <span class='ocrx_word' id='word_1_28' title='bbox 389 851 478 920; x_wconf 88' lang='lat' dir='ltr'><strong>atque</strong></span> <span class='ocrx_word' id='word_1_29' title='bbox 503 843 620 901; x_wconf 83' lang='lat' dir='ltr'><strong>abiecta</strong></span> <span class='ocrx_word' id='word_1_30' title='bbox 642 841 832 912; x_wconf 86' lang='lat' dir='ltr'><strong>videbantur,</strong></span> <span class='ocrx_word' id='word_1_31' title='bbox 856 861 932 919; x_wconf 87' lang='lat' dir='ltr'><strong>quae</strong></span> <span class='ocrx_word' id='word_1_32' title='bbox 955 840 1072 920; x_wconf 87' lang='lat' dir='ltr'><strong>quidem</strong></span> <span class='ocrx_word' id='word_1_33' title='bbox 1088 841 1277 919; x_wconf 80' lang='lat' dir='ltr'><strong>Wegehaupt</strong></span> <span class='ocrx_word' id='word_1_34' title='bbox 1298 862 1330 919; x_wconf 65' lang='grc' dir='ltr'><strong>ρ,</strong></span> <span class='ocrx_word' id='word_1_35' title='bbox 1344 843 1389 910; x_wconf 85' lang='grc'><strong>15,</strong></span> 
     </span>
     <span class='ocr_line' id='line_1_6' title="bbox 242 942 1390 1022; baseline -0.003 -16"><span class='ocrx_word' id='word_1_36' title='bbox 242 965 268 1006; x_wconf 86' lang='grc' dir='ltr'><strong>υ.</strong></span> <span class='ocrx_word' id='word_1_37' title='bbox 299 950 308 1001; x_wconf 98' lang='grc'><strong>1</strong></span> <span class='ocrx_word' id='word_1_38' title='bbox 337 965 373 1004; x_wconf 94' lang='lat' dir='ltr'><strong>ne</strong></span> <span class='ocrx_word' id='word_1_39' title='bbox 400 943 546 1002; x_wconf 85' lang='lat' dir='ltr'><strong>sectatore</strong></span> <span class='ocrx_word' id='word_1_40' title='bbox 570 943 689 1021; x_wconf 87' lang='lat' dir='ltr'><strong>quidem</strong></span> <span class='ocrx_word' id='word_1_41' title='bbox 713 942 923 1021; x_wconf 78' lang='lat' dir='ltr'><strong>Xenophontis</strong></span> <span class='ocrx_word' id='word_1_42' title='bbox 947 943 1037 1020; x_wconf 84' lang='lat' dir='ltr'><strong>digna</strong></span> <span class='ocrx_word' id='word_1_43' title='bbox 1060 962 1123 1002; x_wconf 82' lang='lat' dir='ltr'><strong>esse</strong></span> <span class='ocrx_word' id='word_1_44' title='bbox 1149 948 1243 1022; x_wconf 86' lang='lat' dir='ltr'><strong>putet,</strong></span> <span class='ocrx_word' id='word_1_45' title='bbox 1278 944 1390 1002; x_wconf 85' lang='lat' dir='ltr'><strong>maiore</strong></span> 
     </span>
     <span class='ocr_line' id='line_1_7' title="bbox 240 1035 1389 1126; baseline -0.002 -20"><span class='ocrx_word' id='word_1_46' title='bbox 240 1035 353 1106; x_wconf 92' lang='lat' dir='ltr'><strong>honore</strong></span> <span class='ocrx_word' id='word_1_47' title='bbox 375 1048 493 1106; x_wconf 80' lang='lat' dir='ltr'><strong>afficere</strong></span> <span class='ocrx_word' id='word_1_48' title='bbox 524 1047 632 1126; x_wconf 87' lang='lat' dir='ltr'><strong>pleoet.</strong></span> <span class='ocrx_word' id='word_1_49' title='bbox 668 1047 775 1104; x_wconf 83' lang='lat' dir='ltr'><strong>Forma</strong></span> <span class='ocrx_word' id='word_1_50' title='bbox 799 1047 952 1105; x_wconf 85' lang='lat' dir='ltr'><strong>simillima</strong></span> <span class='ocrx_word' id='word_1_51' title='bbox 976 1043 1220 1104; x_wconf 86' lang='lat' dir='ltr'><strong>estPlutaroheis</strong></span> <span class='ocrx_word' id='word_1_52' title='bbox 1245 1065 1272 1120; x_wconf 89' lang='lat' dir='ltr'><strong>p.</strong></span> <span class='ocrx_word' id='word_1_53' title='bbox 1290 1046 1389 1104; x_wconf 78' lang='lat'><strong>7800:</strong></span> 
     </span>
     <span class='ocr_line' id='line_1_8' title="bbox 241 1139 1391 1222; baseline -0.002 -14"><span class='ocrx_word' id='word_1_54' title='bbox 241 1142 260 1208; x_wconf 87' lang='grc' dir='ltr'>δ</span> <span class='ocrx_word' id='word_1_55' title='bbox 283 1144 424 1222; x_wconf 80' lang='grc' dir='ltr'>μὲνγὰρ</span> <span class='ocrx_word' id='word_1_56' title='bbox 447 1141 589 1221; x_wconf 89' lang='grc' dir='ltr'>Περσῶν</span> <span class='ocrx_word' id='word_1_57' title='bbox 622 1143 775 1222; x_wconf 86' lang='grc' dir='ltr'>βασιλεὺς</span> <span class='ocrx_word' id='word_1_58' title='bbox 799 1139 856 1206; x_wconf 85' lang='grc' dir='ltr'><strong>ἕνα</strong></span> <span class='ocrx_word' id='word_1_59' title='bbox 877 1144 942 1206; x_wconf 91' lang='grc' dir='ltr'>τῶν</span> <span class='ocrx_word' id='word_1_60' title='bbox 971 1145 1198 1206; x_wconf 85' lang='grc' dir='ltr'>κατευναστῶν</span> <span class='ocrx_word' id='word_1_61' title='bbox 1219 1139 1284 1220; x_wconf 81' lang='grc' dir='ltr'>εἶχε</span> <span class='ocrx_word' id='word_1_62' title='bbox 1307 1141 1391 1220; x_wconf 85' lang='grc' dir='ltr'>πρὸς</span> 
     </span>
     <span class='ocr_line' id='line_1_9' title="bbox 241 1241 1390 1322; baseline -0.001 -14"><span class='ocrx_word' id='word_1_63' title='bbox 241 1247 339 1309; x_wconf 86' lang='grc' dir='ltr'>τοῦτο</span> <span class='ocrx_word' id='word_1_64' title='bbox 361 1245 576 1322; x_wconf 68' lang='grc' dir='ltr'>τεταγμένον,“</span> <span class='ocrx_word' id='word_1_65' title='bbox 610 1242 690 1307; x_wconf 83' lang='grc' dir='ltr'>ὥσθ’</span> <span class='ocrx_word' id='word_1_66' title='bbox 714 1243 816 1307; x_wconf 80' lang='grc' dir='ltr'>ἕωθεν</span> <span class='ocrx_word' id='word_1_67' title='bbox 851 1242 993 1308; x_wconf 85' lang='grc' dir='ltr'>εἰσιόντα</span> <span class='ocrx_word' id='word_1_68' title='bbox 1026 1243 1129 1319; x_wconf 88' lang='grc' dir='ltr'>λέγειν</span> <span class='ocrx_word' id='word_1_69' title='bbox 1161 1243 1243 1322; x_wconf 89' lang='grc' dir='ltr'>πρὸς</span> <span class='ocrx_word' id='word_1_70' title='bbox 1277 1241 1390 1307; x_wconf 82' lang='grc' dir='ltr'>αὐτόν·</span> 
     </span>
     <span class='ocr_line' id='line_1_10' title="bbox 242 1342 1391 1426; baseline 0 -18"><span class='ocrx_word' id='word_1_71' title='bbox 242 1343 368 1411; x_wconf 88' lang='grc' dir='ltr'>ἀνάστα</span> <span class='ocrx_word' id='word_1_72' title='bbox 393 1343 419 1408; x_wconf 84' lang='grc' dir='ltr'>ὼ</span> <span class='ocrx_word' id='word_1_73' title='bbox 445 1348 587 1424; x_wconf 82' lang='grc' dir='ltr'>βασιλεῦ,</span> <span class='ocrx_word' id='word_1_74' title='bbox 611 1345 672 1410; x_wconf 83' lang='grc' dir='ltr'><strong>καὶΙ</strong></span> <span class='ocrx_word' id='word_1_75' title='bbox 685 1344 835 1424; x_wconf 80' lang='grc' dir='ltr'>φρόντιζε</span> <span class='ocrx_word' id='word_1_76' title='bbox 857 1343 1063 1426; x_wconf 86' lang='grc' dir='ltr'>πραγμάτων,</span> <span class='ocrx_word' id='word_1_77' title='bbox 1086 1342 1132 1410; x_wconf 84' lang='grc' dir='ltr'><strong>ὧν</strong></span> <span class='ocrx_word' id='word_1_78' title='bbox 1152 1360 1191 1409; x_wconf 93' lang='grc' dir='ltr'>σε</span> <span class='ocrx_word' id='word_1_79' title='bbox 1207 1343 1391 1423; x_wconf 79' lang='grc' dir='ltr'>φροντίζειν</span> 
     </span>
     <span class='ocr_line' id='line_1_11' title="bbox 242 1444 1391 1525; baseline -0.001 -15"><span class='ocrx_word' id='word_1_80' title='bbox 242 1446 260 1510; x_wconf 89' lang='grc' dir='ltr'>δ</span> <span class='ocrx_word' id='word_1_81' title='bbox 284 1445 389 1525; x_wconf 86' lang='grc' dir='ltr'>μέγας</span> <span class='ocrx_word' id='word_1_82' title='bbox 411 1444 620 1525; x_wconf 78' lang='grc' dir='ltr'>Ὠρομάσδης</span> <span class='ocrx_word' id='word_1_83' title='bbox 644 1445 792 1523; x_wconf 86' lang='grc' dir='ltr'>ἠθέλησε.</span> <span class='ocrx_word' id='word_1_84' title='bbox 826 1449 884 1508; x_wconf 85' lang='grc' dir='ltr'>τοῦ</span> <span class='ocrx_word' id='word_1_85' title='bbox 911 1446 947 1510; x_wconf 80' lang='grc' dir='ltr'><strong>δὲ</strong></span> <span class='ocrx_word' id='word_1_86' title='bbox 969 1445 1231 1524; x_wconf 86' lang='grc' dir='ltr'>παπαιδευμένου</span> <span class='ocrx_word' id='word_1_87' title='bbox 1254 1444 1306 1508; x_wconf 87' lang='grc' dir='ltr'><strong>καί</strong></span> <span class='ocrx_word' id='word_1_88' title='bbox 1327 1460 1391 1509; x_wconf 93' lang='grc' dir='ltr'><strong>σω-</strong></span> 
     </span>
     <span class='ocr_line' id='line_1_12' title="bbox 240 1543 1391 1627; baseline -0.002 -16"><span class='ocrx_word' id='word_1_89' title='bbox 240 1551 446 1626; x_wconf 86' lang='grc' dir='ltr'>φρονοῦντος</span> <span class='ocrx_word' id='word_1_90' title='bbox 478 1545 640 1627; x_wconf 88' lang='grc' dir='ltr'>ἀρχοντος</span> <span class='ocrx_word' id='word_1_91' title='bbox 674 1547 768 1627; x_wconf 87' lang='grc' dir='ltr'>ἐντός</span> <span class='ocrx_word' id='word_1_92' title='bbox 792 1547 880 1612; x_wconf 88' lang='grc' dir='ltr'>ἐστιν</span> <span class='ocrx_word' id='word_1_93' title='bbox 914 1546 932 1610; x_wconf 89' lang='grc' dir='ltr'>δ</span> <span class='ocrx_word' id='word_1_94' title='bbox 959 1551 1056 1612; x_wconf 84' lang='grc' dir='ltr'>τοῦτο</span> <span class='ocrx_word' id='word_1_95' title='bbox 1091 1546 1313 1626; x_wconf 85' lang='grc' dir='ltr'>φθεγγόμενος</span> <span class='ocrx_word' id='word_1_96' title='bbox 1342 1543 1391 1610; x_wconf 88' lang='grc' dir='ltr'>ἀεὶ</span> 
     </span>
     <span class='ocr_line' id='line_1_13' title="bbox 246 1647 629 1727; baseline -0.005 -14"><span class='ocrx_word' id='word_1_97' title='bbox 246 1648 298 1713; x_wconf 84' lang='grc' dir='ltr'><strong>κάὶ</strong></span> <span class='ocrx_word' id='word_1_98' title='bbox 319 1647 629 1727; x_wconf 86' lang='grc' dir='ltr'>παρακελευόμενος.</span> 
     </span>
    </p>

    <p class='ocr_par' dir='ltr' id='par_1_3' title="bbox 206 1751 1392 2231">
     <span class='ocr_line' id='line_1_14' title="bbox 344 1751 1390 1831; baseline -0.003 -18"><span class='ocrx_word' id='word_1_99' title='bbox 344 1755 403 1813; x_wconf 88' lang='lat' dir='ltr'><strong>Res</strong></span> <span class='ocrx_word' id='word_1_100' title='bbox 425 1755 491 1831; x_wconf 88' lang='lat' dir='ltr'><strong>ipsa</strong></span> <span class='ocrx_word' id='word_1_101' title='bbox 513 1753 590 1830; x_wconf 89' lang='lat' dir='ltr'><strong>apud</strong></span> <span class='ocrx_word' id='word_1_102' title='bbox 611 1751 837 1830; x_wconf 81' lang='lat' dir='ltr'><strong>Xenophontem</strong></span> <span class='ocrx_word' id='word_1_103' title='bbox 860 1754 955 1811; x_wconf 90' lang='lat' dir='ltr'><strong>estin</strong></span> <span class='ocrx_word' id='word_1_104' title='bbox 980 1751 1175 1829; x_wconf 79' lang='lat' dir='ltr'><strong>Gyrupaedie.</strong></span> <span class='ocrx_word' id='word_1_105' title='bbox 1221 1751 1280 1820; x_wconf 70' lang='lat' dir='ltr'><strong>(tui</strong></span> <span class='ocrx_word' id='word_1_106' title='bbox 1307 1758 1390 1828; x_wconf 91' lang='lat' dir='ltr'><strong>post-</strong></span> 
     </span>
     <span class='ocr_line' id='line_1_15' title="bbox 206 1853 1390 1931; baseline 0.001 -22"><span class='ocrx_word' id='word_1_107' title='bbox 206 1901 207 1904; x_wconf 64' lang='grc'>,</span> <span class='ocrx_word' id='word_1_108' title='bbox 242 1871 331 1930; x_wconf 87' lang='lat' dir='ltr'><strong>quam</strong></span> <span class='ocrx_word' id='word_1_109' title='bbox 358 1854 502 1930; x_wconf 81' lang='lat' dir='ltr'><strong>exposuit</strong></span> <span class='ocrx_word' id='word_1_110' title='bbox 526 1853 635 1931; x_wconf 85' lang='lat' dir='ltr'><strong>Cyrum</strong></span> <span class='ocrx_word' id='word_1_111' title='bbox 660 1874 709 1914; x_wconf 89' lang='lat' dir='ltr'><strong>eos</strong></span> <span class='ocrx_word' id='word_1_112' title='bbox 733 1853 878 1929; x_wconf 90' lang='lat' dir='ltr'><strong>homines,</strong></span> <span class='ocrx_word' id='word_1_113' title='bbox 906 1855 960 1930; x_wconf 88' lang='lat' dir='ltr'><strong>qui</strong></span> <span class='ocrx_word' id='word_1_114' title='bbox 980 1854 1058 1913; x_wconf 90' lang='lat' dir='ltr'><strong>oculi</strong></span> <span class='ocrx_word' id='word_1_115' title='bbox 1082 1861 1172 1931; x_wconf 86' lang='lat' dir='ltr'><strong>atque</strong></span> <span class='ocrx_word' id='word_1_116' title='bbox 1199 1872 1286 1912; x_wconf 87' lang='lat' dir='ltr'><strong>aures</strong></span> <span class='ocrx_word' id='word_1_117' title='bbox 1309 1853 1390 1928; x_wconf 86' lang='lat' dir='ltr'><strong>regis</strong></span> 
     </span>
     <span class='ocr_line' id='line_1_16' title="bbox 242 1953 1392 2034; baseline 0 -23"><span class='ocrx_word' id='word_1_118' title='bbox 242 1953 475 2030; x_wconf 83' lang='lat' dir='ltr'><strong>appeilerentur‚</strong></span> <span class='ocrx_word' id='word_1_119' title='bbox 509 1955 596 2014; x_wconf 91' lang='lat' dir='ltr'><strong>donis</strong></span> <span class='ocrx_word' id='word_1_120' title='bbox 620 1957 678 2014; x_wconf 92' lang='lat' dir='ltr'><strong>sibi</strong></span> <span class='ocrx_word' id='word_1_121' title='bbox 701 1955 918 2034; x_wconf 84' lang='lat' dir='ltr'><strong>conciliavisse,</strong></span> <span class='ocrx_word' id='word_1_122' title='bbox 940 1954 1108 2032; x_wconf 87' lang='lat' dir='ltr'><strong>multosque</strong></span> <span class='ocrx_word' id='word_1_123' title='bbox 1130 1955 1192 2012; x_wconf 91' lang='lat' dir='ltr'><strong>illis</strong></span> <span class='ocrx_word' id='word_1_124' title='bbox 1215 1954 1392 2031; x_wconf 86' lang='lat' dir='ltr'><strong>appellatio·</strong></span> 
     </span>
     <span class='ocr_line' id='line_1_17' title="bbox 244 2049 1391 2134; baseline 0.004 -23"><span class='ocrx_word' id='word_1_125' title='bbox 244 2053 331 2112; x_wconf 91' lang='lat' dir='ltr'><strong>nibus</strong></span> <span class='ocrx_word' id='word_1_126' title='bbox 362 2073 431 2112; x_wconf 89' lang='lat' dir='ltr'><strong>usos</strong></span> <span class='ocrx_word' id='word_1_127' title='bbox 455 2074 528 2128; x_wconf 83' lang='lat' dir='ltr'><strong>esse,</strong></span> <span class='ocrx_word' id='word_1_128' title='bbox 563 2057 613 2132; x_wconf 92' lang='lat' dir='ltr'><strong>qui</strong></span> <span class='ocrx_word' id='word_1_129' title='bbox 636 2057 709 2114; x_wconf 89' lang='lat' dir='ltr'><strong>utile</strong></span> <span class='ocrx_word' id='word_1_130' title='bbox 732 2055 844 2133; x_wconf 89' lang='lat' dir='ltr'><strong>aliquid</strong></span> <span class='ocrx_word' id='word_1_131' title='bbox 874 2057 939 2132; x_wconf 74' lang='lat' dir='ltr'><strong>&#39;regi</strong></span> <span class='ocrx_word' id='word_1_132' title='bbox 960 2055 1156 2126; x_wconf 74' lang='lat' dir='ltr'><strong>nuntiassent,</strong></span> <span class='ocrx_word' id='word_1_133' title='bbox 1176 2055 1277 2132; x_wconf 82' lang='lat' dir='ltr'><strong>pergit</strong></span> <span class='ocrx_word' id='word_1_134' title='bbox 1298 2049 1391 2134; x_wconf 86' lang='lat' dir='ltr'>(VIII</span> 
     </span>
     <span class='ocr_line' id='line_1_18' title="bbox 245 2149 1390 2231; baseline 0.003 -19"><span class='ocrx_word' id='word_1_135' title='bbox 245 2151 335 2226; x_wconf 80' lang='lat'>211):</span> <span class='ocrx_word' id='word_1_136' title='bbox 356 2149 413 2212; x_wconf 85' lang='grc' dir='ltr'><strong>Ἐκ</strong></span> <span class='ocrx_word' id='word_1_137' title='bbox 434 2150 551 2214; x_wconf 89' lang='grc' dir='ltr'>τούτου</span> <span class='ocrx_word' id='word_1_138' title='bbox 573 2152 612 2228; x_wconf 88' lang='grc' dir='ltr'><strong>δὴ</strong></span> <span class='ocrx_word' id='word_1_139' title='bbox 635 2153 687 2214; x_wconf 85' lang='grc' dir='ltr'><strong>καί</strong></span> <span class='ocrx_word' id='word_1_140' title='bbox 708 2152 824 2216; x_wconf 87' lang='grc' dir='ltr'>πολλοὶ</span> <span class='ocrx_word' id='word_1_141' title='bbox 846 2151 1065 2229; x_wconf 86' lang='grc' dir='ltr'>ἐνομίσθησαν</span> <span class='ocrx_word' id='word_1_142' title='bbox 1085 2151 1245 2230; x_wconf 85' lang='grc' dir='ltr'>βασιλέως</span> <span class='ocrx_word' id='word_1_143' title='bbox 1268 2151 1390 2231; x_wconf 88' lang='grc' dir='ltr'>ὀφθαλ-</span> 
     </span>
    </p>
   </div>
   <div class='ocr_carea' id='block_1_3' title="bbox 248 2250 1498 2336">
    <p class='ocr_par' dir='ltr' id='par_1_4' title="bbox 248 2250 1498 2336">
     <span class='ocr_line' id='line_1_19' title="bbox 248 2250 1498 2336; baseline 0.001 -21"><span class='ocrx_word' id='word_1_144' title='bbox 248 2251 303 2327; x_wconf 90' lang='grc' dir='ltr'><strong>μοὶ</strong></span> <span class='ocrx_word' id='word_1_145' title='bbox 324 2250 377 2314; x_wconf 87' lang='grc' dir='ltr'><strong>καί</strong></span> <span class='ocrx_word' id='word_1_146' title='bbox 397 2251 503 2315; x_wconf 81' lang='grc' dir='ltr'>πολλὰ</span> <span class='ocrx_word' id='word_1_147' title='bbox 518 2251 593 2316; x_wconf 83' lang='grc' dir='ltr'>ὦτα.</span> <span class='ocrx_word' id='word_1_148' title='bbox 638 2252 683 2316; x_wconf 87' lang='grc' dir='ltr'><strong>Εἰ</strong></span> <span class='ocrx_word' id='word_1_149' title='bbox 710 2253 756 2316; x_wconf 89' lang='grc' dir='ltr'><strong>δέ</strong></span> <span class='ocrx_word' id='word_1_150' title='bbox 778 2273 835 2328; x_wconf 91' lang='grc' dir='ltr'><strong>τις</strong></span> <span class='ocrx_word' id='word_1_151' title='bbox 858 2251 983 2315; x_wconf 87' lang='grc' dir='ltr'>οἴεται</span> <span class='ocrx_word' id='word_1_152' title='bbox 1007 2252 1079 2316; x_wconf 88' lang='grc' dir='ltr'><strong>ἕνα</strong></span> <span class='ocrx_word' id='word_1_153' title='bbox 1102 2251 1261 2329; x_wconf 87' lang='grc' dir='ltr'>αἱρετόν</span> <span class='ocrx_word' id='word_1_154' title='bbox 1285 2251 1389 2317; x_wconf 77' lang='grc' dir='ltr'>εἶναι</span> <span class='ocrx_word' id='word_1_155' title='bbox 1493 2331 1498 2336; x_wconf 23' lang='lat'><em>¹</em></span> 
     </span>
    </p>
   </div>
   <div class='ocr_carea' id='block_1_4' title="bbox 241 2349 1415 4452">
    <p class='ocr_par' dir='ltr' id='par_1_5' title="bbox 242 2349 1390 3141">
     <span class='ocr_line' id='line_1_20' title="bbox 246 2349 1387 2433; baseline 0.001 -20"><span class='ocrx_word' id='word_1_156' title='bbox 246 2349 465 2430; x_wconf 87' lang='grc' dir='ltr'>ὀφθαλμόν</span> <span class='ocrx_word' id='word_1_157' title='bbox 490 2355 658 2430; x_wconf 86' lang='grc' dir='ltr'>βασιλεῖ,</span> <span class='ocrx_word' id='word_1_158' title='bbox 682 2353 753 2417; x_wconf 89' lang='grc' dir='ltr'><strong>οὐκ</strong></span> <span class='ocrx_word' id='word_1_159' title='bbox 775 2351 904 2431; x_wconf 83' lang='grc' dir='ltr'>ὀρθῶς</span> <span class='ocrx_word' id='word_1_160' title='bbox 934 2351 1065 2416; x_wconf 87' lang='grc' dir='ltr'>οἴεται.</span> <span class='ocrx_word' id='word_1_161' title='bbox 1108 2356 1169 2416; x_wconf 83' lang='lat' dir='ltr'><strong>lam</strong></span> <span class='ocrx_word' id='word_1_162' title='bbox 1200 2358 1293 2433; x_wconf 84' lang='lat' dir='ltr'><strong>igitur</strong></span> <span class='ocrx_word' id='word_1_163' title='bbox 1321 2363 1387 2415; x_wconf 84' lang='lat' dir='ltr'><strong>ante</strong></span> 
     </span>
     <span class='ocr_line' id='line_1_21' title="bbox 243 2455 1388 2535; baseline 0.003 -23"><span class='ocrx_word' id='word_1_164' title='bbox 243 2455 474 2531; x_wconf 84' lang='lat' dir='ltr'><strong>Xenophontem</strong></span> <span class='ocrx_word' id='word_1_165' title='bbox 502 2455 621 2516; x_wconf 83' lang='lat' dir='ltr'><strong>dixerat</strong></span> <span class='ocrx_word' id='word_1_166' title='bbox 645 2459 824 2535; x_wconf 80' lang='lat' dir='ltr'><strong>quicumque</strong></span> <span class='ocrx_word' id='word_1_167' title='bbox 858 2457 916 2516; x_wconf 87' lang='lat' dir='ltr'><strong>fuit</strong></span> <span class='ocrx_word' id='word_1_168' title='bbox 943 2477 1032 2516; x_wconf 90' lang='lat' dir='ltr'><strong>unum</strong></span> <span class='ocrx_word' id='word_1_169' title='bbox 1064 2463 1177 2516; x_wconf 86' lang='lat' dir='ltr'><strong>tantum</strong></span> <span class='ocrx_word' id='word_1_170' title='bbox 1211 2459 1303 2517; x_wconf 86' lang='lat' dir='ltr'><strong>fuisse</strong></span> <span class='ocrx_word' id='word_1_171' title='bbox 1324 2457 1388 2534; x_wconf 85' lang='lat' dir='ltr'><strong>regi</strong></span> 
     </span>
     <span class='ocr_line' id='line_1_22' title="bbox 244 2553 1388 2637; baseline 0.004 -25"><span class='ocrx_word' id='word_1_172' title='bbox 244 2555 402 2613; x_wconf 77' lang='lat' dir='ltr'><strong>Persarum</strong></span> <span class='ocrx_word' id='word_1_173' title='bbox 421 2558 570 2632; x_wconf 86' lang='lat' dir='ltr'><strong>,oorrlurn‘,</strong></span> <span class='ocrx_word' id='word_1_174' title='bbox 595 2579 681 2637; x_wconf 89' lang='lat' dir='ltr'><strong>quem</strong></span> <span class='ocrx_word' id='word_1_175' title='bbox 698 2553 863 2636; x_wconf 89' lang='lat' dir='ltr'><strong>Xenophon</strong></span> <span class='ocrx_word' id='word_1_176' title='bbox 888 2558 1076 2618; x_wconf 79' lang='lat' dir='ltr'><strong>refutandum</strong></span> <span class='ocrx_word' id='word_1_177' title='bbox 1094 2577 1158 2617; x_wconf 87' lang='lat' dir='ltr'><strong>esse</strong></span> <span class='ocrx_word' id='word_1_178' title='bbox 1174 2565 1266 2627; x_wconf 84' lang='lat' dir='ltr'><strong>curat,</strong></span> <span class='ocrx_word' id='word_1_179' title='bbox 1290 2557 1388 2630; x_wconf 84' lang='lat' dir='ltr'><strong>credo,</strong></span> 
     </span>
     <span class='ocr_line' id='line_1_23' title="bbox 243 2657 1388 2736; baseline 0.003 -22"><span class='ocrx_word' id='word_1_180' title='bbox 243 2676 279 2714; x_wconf 88' lang='lat' dir='ltr'><strong>ue</strong></span> <span class='ocrx_word' id='word_1_181' title='bbox 301 2675 358 2713; x_wconf 93' lang='lat' dir='ltr'><strong>non</strong></span> <span class='ocrx_word' id='word_1_182' title='bbox 381 2658 512 2734; x_wconf 88' lang='lat' dir='ltr'><strong>optimus</strong></span> <span class='ocrx_word' id='word_1_183' title='bbox 536 2680 589 2718; x_wconf 88' lang='lat' dir='ltr'><strong>rex</strong></span> <span class='ocrx_word' id='word_1_184' title='bbox 613 2659 710 2736; x_wconf 80' lang='lat' dir='ltr'><strong>Cyrus</strong></span> <span class='ocrx_word' id='word_1_185' title='bbox 740 2661 878 2722; x_wconf 85' lang='lat' dir='ltr'><strong>videatur</strong></span> <span class='ocrx_word' id='word_1_186' title='bbox 901 2661 1003 2718; x_wconf 84' lang='lat' dir='ltr'><strong>fuisse.</strong></span> <span class='ocrx_word' id='word_1_187' title='bbox 1049 2657 1123 2726; x_wconf 75' lang='lat' dir='ltr'><strong>Quis</strong></span> <span class='ocrx_word' id='word_1_188' title='bbox 1147 2659 1200 2717; x_wconf 91' lang='lat' dir='ltr'><strong>ille</strong></span> <span class='ocrx_word' id='word_1_189' title='bbox 1225 2658 1307 2718; x_wconf 75' lang='lat' dir='ltr'><strong>fuit?</strong></span> <span class='ocrx_word' id='word_1_190' title='bbox 1343 2657 1388 2717; x_wconf 94' lang='lat' dir='ltr'><strong>De</strong></span> 
     </span>
     <span class='ocr_line' id='line_1_24' title="bbox 243 2749 1389 2836; baseline 0.003 -22"><span class='ocrx_word' id='word_1_191' title='bbox 243 2749 381 2816; x_wconf 85' lang='lat' dir='ltr'><strong>instituto</strong></span> <span class='ocrx_word' id='word_1_192' title='bbox 406 2757 459 2818; x_wconf 90' lang='lat' dir='ltr'><strong>illc</strong></span> <span class='ocrx_word' id='word_1_193' title='bbox 484 2759 644 2819; x_wconf 81' lang='lat' dir='ltr'><strong>Persarum</strong></span> <span class='ocrx_word' id='word_1_194' title='bbox 675 2763 733 2819; x_wconf 88' lang='lat' dir='ltr'><strong>iam</strong></span> <span class='ocrx_word' id='word_1_195' title='bbox 759 2763 923 2820; x_wconf 77' lang='lat' dir='ltr'><strong>accuratius</strong></span> <span class='ocrx_word' id='word_1_196' title='bbox 957 2761 1105 2828; x_wconf 85' lang='lat' dir='ltr'><strong>disseruit,</strong></span> <span class='ocrx_word' id='word_1_197' title='bbox 1141 2779 1227 2836; x_wconf 88' lang='lat' dir='ltr'><strong>quem</strong></span> <span class='ocrx_word' id='word_1_198' title='bbox 1261 2759 1389 2818; x_wconf 85' lang='lat' dir='ltr'><strong>editores</strong></span> 
     </span>
     <span class='ocr_line' id='line_1_25' title="bbox 242 2858 1389 2939; baseline 0.004 -25"><span class='ocrx_word' id='word_1_199' title='bbox 242 2858 379 2934; x_wconf 83' lang='lat' dir='ltr'><strong>offerunt,</strong></span> <span class='ocrx_word' id='word_1_200' title='bbox 407 2860 560 2920; x_wconf 84' lang='lat' dir='ltr'><strong>Barnabas</strong></span> <span class='ocrx_word' id='word_1_201' title='bbox 583 2863 823 2934; x_wconf 85' lang='lat' dir='ltr'><strong>Brissonius‚</strong></span> <span class='ocrx_word' id='word_1_202' title='bbox 846 2863 890 2920; x_wconf 87' lang='lat' dir='ltr'><strong>De</strong></span> <span class='ocrx_word' id='word_1_203' title='bbox 913 2862 996 2937; x_wconf 85' lang='lat' dir='ltr'><strong>regio</strong></span> <span class='ocrx_word' id='word_1_204' title='bbox 1021 2859 1178 2920; x_wconf 84' lang='lat' dir='ltr'><strong>Persarum</strong></span> <span class='ocrx_word' id='word_1_205' title='bbox 1212 2862 1389 2939; x_wconf 84' lang='lat' dir='ltr'><strong>principatu,</strong></span> 
     </span>
     <span class='ocr_line' id='line_1_26' title="bbox 244 2961 1388 3038; baseline 0.004 -23"><span class='ocrx_word' id='word_1_206' title='bbox 244 2970 306 3035; x_wconf 85' lang='lat' dir='ltr'><strong>cap.</strong></span> <span class='ocrx_word' id='word_1_207' title='bbox 334 2961 402 3034; x_wconf 89' lang='grc'><strong>190,</strong></span> <span class='ocrx_word' id='word_1_208' title='bbox 429 2961 498 3019; x_wconf 89' lang='lat' dir='ltr'><strong>edit.</strong></span> <span class='ocrx_word' id='word_1_209' title='bbox 522 2962 613 3038; x_wconf 90' lang='lat' dir='ltr'><strong>prior.</strong></span> <span class='ocrx_word' id='word_1_210' title='bbox 637 2983 665 3038; x_wconf 92' lang='lat' dir='ltr'><strong>p.</strong></span> <span class='ocrx_word' id='word_1_211' title='bbox 692 2964 760 3030; x_wconf 77' lang='lat'><strong>126,</strong></span> <span class='ocrx_word' id='word_1_212' title='bbox 788 2963 858 3021; x_wconf 89' lang='lat' dir='ltr'><strong>edit.</strong></span> <span class='ocrx_word' id='word_1_213' title='bbox 885 2963 937 3021; x_wconf 82' lang='lat' dir='ltr'><strong>alt.</strong></span> <span class='ocrx_word' id='word_1_214' title='bbox 962 2981 1022 3022; x_wconf 89' lang='lat' dir='ltr'><strong>our.</strong></span> <span class='ocrx_word' id='word_1_215' title='bbox 1056 2961 1096 3021; x_wconf 93' lang='lat' dir='ltr'><strong>lo.</strong></span> <span class='ocrx_word' id='word_1_216' title='bbox 1121 2963 1213 3021; x_wconf 86' lang='lat' dir='ltr'><strong>Henr.</strong></span> <span class='ocrx_word' id='word_1_217' title='bbox 1237 2961 1388 3038; x_wconf 88' lang='lat' dir='ltr'><strong>Lederlin,</strong></span> 
     </span>
     <span class='ocr_line' id='line_1_27' title="bbox 244 3060 1390 3141; baseline 0.006 -26"><span class='ocrx_word' id='word_1_218' title='bbox 244 3060 440 3134; x_wconf 84' lang='lat' dir='ltr'><strong>Argentorati</strong></span> <span class='ocrx_word' id='word_1_219' title='bbox 457 3063 545 3139; x_wconf 84' lang='lat'>1710,</span> <span class='ocrx_word' id='word_1_220' title='bbox 569 3083 597 3140; x_wconf 87' lang='lat' dir='ltr'><strong>p.</strong></span> <span class='ocrx_word' id='word_1_221' title='bbox 611 3064 669 3121; x_wconf 74' lang='lat' dir='ltr'><strong>rut</strong></span> <span class='ocrx_word' id='word_1_222' title='bbox 684 3083 749 3141; x_wconf 91' lang='lat' dir='ltr'><strong>sqq.</strong></span> <span class='ocrx_word' id='word_1_223' title='bbox 796 3063 910 3122; x_wconf 87' lang='lat' dir='ltr'><strong>Paucos</strong></span> <span class='ocrx_word' id='word_1_224' title='bbox 933 3064 1014 3122; x_wconf 86' lang='lat' dir='ltr'><strong>locos</strong></span> <span class='ocrx_word' id='word_1_225' title='bbox 1038 3064 1161 3140; x_wconf 85' lang='lat' dir='ltr'><strong>praebet</strong></span> <span class='ocrx_word' id='word_1_226' title='bbox 1173 3063 1286 3122; x_wconf 83' lang='lat' dir='ltr'><strong>Barner</strong></span> <span class='ocrx_word' id='word_1_227' title='bbox 1297 3084 1326 3141; x_wconf 93' lang='lat' dir='ltr'><strong>p.</strong></span> <span class='ocrx_word' id='word_1_228' title='bbox 1343 3067 1390 3122; x_wconf 90' lang='lat' dir='ltr'><strong>ll.</strong></span> 
     </span>
    </p>

    <p class='ocr_par' dir='ltr' id='par_1_6' title="bbox 241 3159 1415 4452">
     <span class='ocr_line' id='line_1_28' title="bbox 344 3159 1387 3241; baseline 0.004 -22"><span class='ocrx_word' id='word_1_229' title='bbox 344 3159 429 3221; x_wconf 87' lang='lat' dir='ltr'><strong>Certe</strong></span> <span class='ocrx_word' id='word_1_230' title='bbox 441 3162 606 3241; x_wconf 91' lang='lat' dir='ltr'><strong>Xenophon</strong></span> <span class='ocrx_word' id='word_1_231' title='bbox 631 3184 689 3223; x_wconf 89' lang='lat' dir='ltr'><strong>non</strong></span> <span class='ocrx_word' id='word_1_232' title='bbox 706 3172 809 3223; x_wconf 87' lang='lat' dir='ltr'><strong>contra</strong></span> <span class='ocrx_word' id='word_1_233' title='bbox 823 3163 1012 3224; x_wconf 84' lang='lat' dir='ltr'><strong>Herodotum</strong></span> <span class='ocrx_word' id='word_1_234' title='bbox 1034 3171 1157 3240; x_wconf 78' lang='lat' dir='ltr'><strong>pugnat,</strong></span> <span class='ocrx_word' id='word_1_235' title='bbox 1182 3165 1233 3241; x_wconf 91' lang='lat' dir='ltr'><strong>qui</strong></span> <span class='ocrx_word' id='word_1_236' title='bbox 1256 3164 1292 3222; x_wconf 90' lang='lat' dir='ltr'><strong>de</strong></span> <span class='ocrx_word' id='word_1_237' title='bbox 1309 3163 1387 3240; x_wconf 83' lang='lat' dir='ltr'><strong>Cyro</strong></span> 
     </span>
     <span class='ocr_line' id='line_1_29' title="bbox 242 3259 1388 3343; baseline 0.003 -23"><span class='ocrx_word' id='word_1_238' title='bbox 242 3281 335 3338; x_wconf 90' lang='lat' dir='ltr'><strong>puero</strong></span> <span class='ocrx_word' id='word_1_239' title='bbox 358 3283 422 3322; x_wconf 91' lang='lat' dir='ltr'><strong>ourn</strong></span> <span class='ocrx_word' id='word_1_240' title='bbox 447 3265 637 3343; x_wconf 86' lang='lat' dir='ltr'><strong>aliispueris</strong></span> <span class='ocrx_word' id='word_1_241' title='bbox 654 3266 774 3325; x_wconf 88' lang='lat' dir='ltr'><strong>ludente</strong></span> <span class='ocrx_word' id='word_1_242' title='bbox 797 3267 838 3324; x_wconf 84' lang='lat' dir='ltr'><strong>ait</strong></span> <span class='ocrx_word' id='word_1_243' title='bbox 856 3259 884 3341; x_wconf 90' lang='grc' dir='ltr'><strong>(Ι</strong></span> <span class='ocrx_word' id='word_1_244' title='bbox 899 3263 987 3339; x_wconf 70' lang='grc'><strong>11411</strong></span> <span class='ocrx_word' id='word_1_245' title='bbox 1020 3259 1094 3325; x_wconf 66' lang='lat' dir='ltr'><strong>dhe</strong></span> <span class='ocrx_word' id='word_1_246' title='bbox 1111 3259 1241 3325; x_wconf 83' lang='grc' dir='ltr'>αὐτέων</span> <span class='ocrx_word' id='word_1_247' title='bbox 1263 3261 1388 3326; x_wconf 84' lang='grc' dir='ltr'>διέταξε</span> 
     </span>
     <span class='ocr_line' id='line_1_30' title="bbox 242 3357 1389 3442; baseline 0.003 -20"><span class='ocrx_word' id='word_1_248' title='bbox 242 3358 320 3435; x_wconf 82' lang='grc' dir='ltr'>τοὺς</span> <span class='ocrx_word' id='word_1_249' title='bbox 339 3361 400 3437; x_wconf 78' lang='grc' dir='ltr'><strong>Ιμὲν</strong></span> <span class='ocrx_word' id='word_1_250' title='bbox 425 3409 431 3422; x_wconf 95' lang='grc'>.</span> <span class='ocrx_word' id='word_1_251' title='bbox 456 3410 462 3422; x_wconf 94' lang='grc'><strong>.</strong></span> <span class='ocrx_word' id='word_1_252' title='bbox 486 3411 492 3424; x_wconf 94' lang='grc'><em>.</em></span> <span class='ocrx_word' id='word_1_253' title='bbox 516 3409 541 3434; x_wconf 87' lang='grc'><strong>.,</strong></span> <span class='ocrx_word' id='word_1_254' title='bbox 565 3362 644 3440; x_wconf 90' lang='grc' dir='ltr'>τοὺς</span> <span class='ocrx_word' id='word_1_255' title='bbox 661 3357 705 3424; x_wconf 81' lang='grc' dir='ltr'><strong>δὲ</strong></span> <span class='ocrx_word' id='word_1_256' title='bbox 725 3362 943 3442; x_wconf 82' lang='grc' dir='ltr'>δορυφόρους,</span> <span class='ocrx_word' id='word_1_257' title='bbox 965 3366 1029 3425; x_wconf 89' lang='grc' dir='ltr'>τῶν</span> <span class='ocrx_word' id='word_1_258' title='bbox 1052 3362 1087 3425; x_wconf 89' lang='grc' dir='ltr'>δὲ</span> <span class='ocrx_word' id='word_1_259' title='bbox 1103 3382 1160 3425; x_wconf 93' lang='grc' dir='ltr'><strong>κου</strong></span> <span class='ocrx_word' id='word_1_260' title='bbox 1176 3362 1247 3425; x_wconf 85' lang='grc' dir='ltr'>τινὰ</span> <span class='ocrx_word' id='word_1_261' title='bbox 1263 3361 1389 3426; x_wconf 84' lang='grc' dir='ltr'>αὐτέων</span> 
     </span>
     <span class='ocr_line' id='line_1_31' title="bbox 243 3457 1389 3544; baseline 0.003 -22"><span class='ocrx_word' id='word_1_262' title='bbox 243 3457 413 3538; x_wconf 83' lang='grc' dir='ltr'>ὀφθαλμὸν</span> <span class='ocrx_word' id='word_1_263' title='bbox 436 3463 596 3541; x_wconf 84' lang='grc' dir='ltr'>βασιλέως</span> <span class='ocrx_word' id='word_1_264' title='bbox 618 3460 707 3526; x_wconf 81' lang='grc' dir='ltr'>εἶναι.</span> <span class='ocrx_word' id='word_1_265' title='bbox 753 3467 827 3525; x_wconf 88' lang='lat' dir='ltr'><strong>Nam</strong></span> <span class='ocrx_word' id='word_1_266' title='bbox 864 3487 957 3544; x_wconf 89' lang='lat' dir='ltr'><strong>neque</strong></span> <span class='ocrx_word' id='word_1_267' title='bbox 992 3467 1047 3525; x_wconf 92' lang='lat' dir='ltr'><strong>hoc</strong></span> <span class='ocrx_word' id='word_1_268' title='bbox 1078 3468 1139 3526; x_wconf 90' lang='lat' dir='ltr'><strong>loco</strong></span> <span class='ocrx_word' id='word_1_269' title='bbox 1163 3474 1290 3543; x_wconf 84' lang='lat' dir='ltr'><strong>negatur</strong></span> <span class='ocrx_word' id='word_1_270' title='bbox 1313 3487 1389 3526; x_wconf 91' lang='lat' dir='ltr'><strong>com·</strong></span> 
     </span>
     <span class='ocr_line' id='line_1_32' title="bbox 243 3564 1388 3646; baseline 0.005 -24"><span class='ocrx_word' id='word_1_271' title='bbox 243 3565 345 3641; x_wconf 89' lang='lat' dir='ltr'><strong>plures</strong></span> <span class='ocrx_word' id='word_1_272' title='bbox 375 3567 456 3641; x_wconf 87' lang='lat' dir='ltr'><strong>regis</strong></span> <span class='ocrx_word' id='word_1_273' title='bbox 489 3567 589 3626; x_wconf 86' lang='lat' dir='ltr'><strong>oculos</strong></span> <span class='ocrx_word' id='word_1_274' title='bbox 623 3568 726 3643; x_wconf 86' lang='lat' dir='ltr'><strong>fuisse,</strong></span> <span class='ocrx_word' id='word_1_275' title='bbox 758 3587 854 3646; x_wconf 91' lang='lat' dir='ltr'><strong>neque</strong></span> <span class='ocrx_word' id='word_1_276' title='bbox 877 3569 1033 3646; x_wconf 88' lang='lat' dir='ltr'><strong>Aristoph.</strong></span> <span class='ocrx_word' id='word_1_277' title='bbox 1058 3568 1133 3626; x_wconf 91' lang='lat' dir='ltr'><strong>Aeh.</strong></span> <span class='ocrx_word' id='word_1_278' title='bbox 1157 3570 1214 3626; x_wconf 80' lang='lat'><strong>94:</strong></span> <span class='ocrx_word' id='word_1_279' title='bbox 1249 3564 1301 3627; x_wconf 84' lang='grc' dir='ltr'><strong>καὶ</strong></span> <span class='ocrx_word' id='word_1_280' title='bbox 1330 3567 1388 3628; x_wconf 84' lang='grc' dir='ltr'><strong>νῦν</strong></span> 
     </span>
     <span class='ocr_line' id='line_1_33' title="bbox 244 3659 1388 3744; baseline 0.002 -20"><span class='ocrx_word' id='word_1_281' title='bbox 244 3659 380 3740; x_wconf 87' lang='grc' dir='ltr'>ἄγοντες</span> <span class='ocrx_word' id='word_1_282' title='bbox 402 3661 520 3740; x_wconf 87' lang='grc' dir='ltr'>ἥκομεν</span> <span class='ocrx_word' id='word_1_283' title='bbox 536 3664 771 3744; x_wconf 81' lang='grc' dir='ltr'>Ψευδαρτάβαν</span> <span class='ocrx_word' id='word_1_284' title='bbox 792 3666 849 3729; x_wconf 91' lang='grc' dir='ltr'>τὸν</span> <span class='ocrx_word' id='word_1_285' title='bbox 865 3666 1022 3744; x_wconf 80' lang='grc' dir='ltr'>βασιλέως</span> <span class='ocrx_word' id='word_1_286' title='bbox 1038 3664 1217 3744; x_wconf 81' lang='grc' dir='ltr'>ὀφθαλμόν,</span> <span class='ocrx_word' id='word_1_287' title='bbox 1241 3676 1293 3728; x_wconf 86' lang='lat' dir='ltr'><strong>aut</strong></span> <span class='ocrx_word' id='word_1_288' title='bbox 1308 3669 1388 3728; x_wconf 90' lang='lat' dir='ltr'><strong>Plut.</strong></span> 
     </span>
     <span class='ocr_line' id='line_1_34' title="bbox 245 3763 1415 3845; baseline 0.003 -20"><span class='ocrx_word' id='word_1_289' title='bbox 245 3769 351 3827; x_wconf 82' lang='lat' dir='ltr'><strong>Artax.</strong></span> <span class='ocrx_word' id='word_1_290' title='bbox 376 3769 429 3828; x_wconf 79' lang='lat'><strong>12:</strong></span> <span class='ocrx_word' id='word_1_291' title='bbox 463 3763 664 3843; x_wconf 85' lang='grc' dir='ltr'>Ἀρτασύρας</span> <span class='ocrx_word' id='word_1_292' title='bbox 699 3766 902 3845; x_wconf 82' lang='grc' dir='ltr'>ὁβασιλὲως</span> <span class='ocrx_word' id='word_1_293' title='bbox 935 3765 1113 3844; x_wconf 87' lang='grc' dir='ltr'>ὀφθαλμός.</span> <span class='ocrx_word' id='word_1_294' title='bbox 1159 3771 1320 3830; x_wconf 83' lang='lat' dir='ltr'><strong>Praeterea</strong></span> <span class='ocrx_word' id='word_1_295' title='bbox 1352 3771 1415 3836; x_wconf 86' lang='lat' dir='ltr'><strong>do¹</strong></span> 
     </span>
     <span class='ocr_line' id='line_1_35' title="bbox 244 3870 1389 3948; baseline 0.001 -20"><span class='ocrx_word' id='word_1_296' title='bbox 244 3889 300 3928; x_wconf 90' lang='lat' dir='ltr'><strong>uno</strong></span> <span class='ocrx_word' id='word_1_297' title='bbox 323 3873 403 3946; x_wconf 84' lang='lat' dir='ltr'><strong>regis</strong></span> <span class='ocrx_word' id='word_1_298' title='bbox 427 3871 512 3928; x_wconf 85' lang='lat' dir='ltr'><strong>osuio</strong></span> <span class='ocrx_word' id='word_1_299' title='bbox 535 3890 620 3929; x_wconf 89' lang='lat' dir='ltr'><strong>nemo</strong></span> <span class='ocrx_word' id='word_1_300' title='bbox 643 3871 743 3946; x_wconf 86' lang='lat' dir='ltr'><strong>tradit,</strong></span> <span class='ocrx_word' id='word_1_301' title='bbox 767 3871 845 3948; x_wconf 88' lang='lat' dir='ltr'><strong>quod</strong></span> <span class='ocrx_word' id='word_1_302' title='bbox 863 3870 981 3948; x_wconf 90' lang='lat' dir='ltr'><strong>quidem</strong></span> <span class='ocrx_word' id='word_1_303' title='bbox 1006 3889 1061 3946; x_wconf 84' lang='lat' dir='ltr'><strong>ego</strong></span> <span class='ocrx_word' id='word_1_304' title='bbox 1082 3871 1227 3944; x_wconf 88' lang='lat' dir='ltr'><strong>noverim,</strong></span> <span class='ocrx_word' id='word_1_305' title='bbox 1251 3871 1306 3929; x_wconf 90' lang='lat' dir='ltr'><strong>nisi</strong></span> <span class='ocrx_word' id='word_1_306' title='bbox 1324 3871 1389 3929; x_wconf 85' lang='lat' dir='ltr'><strong>uri-</strong></span> 
     </span>
     <span class='ocr_line' id='line_1_36' title="bbox 244 3967 1390 4046; baseline 0.002 -16"><span class='ocrx_word' id='word_1_307' title='bbox 244 3971 336 4030; x_wconf 82' lang='lat' dir='ltr'><strong>stides</strong></span> <span class='ocrx_word' id='word_1_308' title='bbox 360 3991 402 4029; x_wconf 89' lang='lat' dir='ltr'><strong>or.</strong></span> <span class='ocrx_word' id='word_1_309' title='bbox 427 3971 537 4029; x_wconf 75' lang='lat' dir='ltr'><strong>XXVII</strong></span> <span class='ocrx_word' id='word_1_310' title='bbox 558 3973 594 4031; x_wconf 84' lang='lat' dir='ltr'><strong>K.</strong></span> <span class='ocrx_word' id='word_1_311' title='bbox 610 3995 644 4021; x_wconf 93' lang='lat'><strong><em>=</em></strong></span> <span class='ocrx_word' id='word_1_312' title='bbox 662 3973 731 4030; x_wconf 86' lang='lat' dir='ltr'><strong>XVI</strong></span> <span class='ocrx_word' id='word_1_313' title='bbox 754 3973 841 4032; x_wconf 86' lang='lat' dir='ltr'><strong>Jebb.</strong></span> <span class='ocrx_word' id='word_1_314' title='bbox 867 3969 884 4046; x_wconf 58' lang='grc' dir='ltr'><strong>ᾖ·</strong></span> <span class='ocrx_word' id='word_1_315' title='bbox 910 3971 964 4030; x_wconf 84' lang='lat'><strong>29:</strong></span> <span class='ocrx_word' id='word_1_316' title='bbox 993 3967 1012 4031; x_wconf 86' lang='lat' dir='ltr'><strong>d</strong></span> <span class='ocrx_word' id='word_1_317' title='bbox 1036 3968 1093 4045; x_wconf 84' lang='grc' dir='ltr'><strong>μὲν</strong></span> <span class='ocrx_word' id='word_1_318' title='bbox 1119 3970 1198 4042; x_wconf 86' lang='grc' dir='ltr'>γοῦν</span> <span class='ocrx_word' id='word_1_319' title='bbox 1221 3970 1285 4031; x_wconf 90' lang='grc' dir='ltr'>τῶν</span> <span class='ocrx_word' id='word_1_320' title='bbox 1307 3967 1390 4045; x_wconf 94' lang='grc' dir='ltr'>Περ-</span> 
     </span>
     <span class='ocr_line' id='line_1_37' title="bbox 243 4067 1388 4147; baseline 0 -15"><span class='ocrx_word' id='word_1_321' title='bbox 243 4071 311 4132; x_wconf 89' lang='grc' dir='ltr'><strong>σῶν</strong></span> <span class='ocrx_word' id='word_1_322' title='bbox 335 4068 487 4147; x_wconf 87' lang='grc' dir='ltr'>βασιλεὺς</span> <span class='ocrx_word' id='word_1_323' title='bbox 521 4067 625 4133; x_wconf 83' lang='grc' dir='ltr'>ἐδόκει</span> <span class='ocrx_word' id='word_1_324' title='bbox 647 4090 676 4132; x_wconf 92' lang='grc' dir='ltr'>τι</span> <span class='ocrx_word' id='word_1_325' title='bbox 699 4069 860 4147; x_wconf 88' lang='grc' dir='ltr'>διάφορον</span> <span class='ocrx_word' id='word_1_326' title='bbox 891 4071 1063 4146; x_wconf 84' lang='grc' dir='ltr'>κεκτῆσθαι</span> <span class='ocrx_word' id='word_1_327' title='bbox 1095 4069 1153 4132; x_wconf 89' lang='grc' dir='ltr'>τὸν</span> <span class='ocrx_word' id='word_1_328' title='bbox 1187 4067 1388 4147; x_wconf 86' lang='grc' dir='ltr'>καλούμενον</span> 
     </span>
     <span class='ocr_line' id='line_1_38' title="bbox 243 4167 1388 4249; baseline -0.001 -16"><span class='ocrx_word' id='word_1_329' title='bbox 243 4170 402 4249; x_wconf 86' lang='grc' dir='ltr'>βασιλέως</span> <span class='ocrx_word' id='word_1_330' title='bbox 425 4169 597 4248; x_wconf 81' lang='grc' dir='ltr'>ὀφθαλμὸν</span> <span class='ocrx_word' id='word_1_331' title='bbox 620 4171 670 4233; x_wconf 88' lang='grc' dir='ltr'><strong>καὶ</strong></span> <span class='ocrx_word' id='word_1_332' title='bbox 693 4171 850 4248; x_wconf 73' lang='grc' dir='ltr'>βασιλέως</span> <span class='ocrx_word' id='word_1_333' title='bbox 869 4169 955 4234; x_wconf 86' lang='grc' dir='ltr'>ὦτα·</span> <span class='ocrx_word' id='word_1_334' title='bbox 979 4171 1030 4234; x_wconf 90' lang='grc' dir='ltr'><strong>καὶ</strong></span> <span class='ocrx_word' id='word_1_335' title='bbox 1053 4173 1149 4233; x_wconf 85' lang='grc' dir='ltr'>τοῦτο</span> <span class='ocrx_word' id='word_1_336' title='bbox 1171 4168 1251 4246; x_wconf 85' lang='grc' dir='ltr'>ἴσως</span> <span class='ocrx_word' id='word_1_337' title='bbox 1275 4170 1332 4246; x_wconf 79' lang='grc' dir='ltr'><strong>μὲν</strong></span> <span class='ocrx_word' id='word_1_338' title='bbox 1348 4167 1388 4246; x_wconf 86' lang='grc' dir='ltr'><strong>ἦν</strong></span> 
     </span>
     <span class='ocr_line' id='line_1_39' title="bbox 242 4267 1388 4350; baseline 0 -17"><span class='ocrx_word' id='word_1_339' title='bbox 242 4290 312 4335; x_wconf 90' lang='grc' dir='ltr'>τινα</span> <span class='ocrx_word' id='word_1_340' title='bbox 335 4269 386 4335; x_wconf 84' lang='grc' dir='ltr'><strong>καί</strong></span> <span class='ocrx_word' id='word_1_341' title='bbox 409 4271 519 4349; x_wconf 82' lang='grc' dir='ltr'>χρείαν</span> <span class='ocrx_word' id='word_1_342' title='bbox 541 4270 625 4348; x_wconf 82' lang='grc' dir='ltr'>ἕχον,</span> <span class='ocrx_word' id='word_1_343' title='bbox 654 4271 691 4334; x_wconf 88' lang='grc' dir='ltr'>τὸ</span> <span class='ocrx_word' id='word_1_344' title='bbox 715 4272 750 4334; x_wconf 81' lang='grc' dir='ltr'><strong>δὲ</strong></span> <span class='ocrx_word' id='word_1_345' title='bbox 774 4274 927 4336; x_wconf 81' lang='grc' dir='ltr'>πλεῖστον</span> <span class='ocrx_word' id='word_1_346' title='bbox 952 4271 1021 4350; x_wconf 82' lang='grc' dir='ltr'>ἐμοὶ</span> <span class='ocrx_word' id='word_1_347' title='bbox 1046 4273 1153 4334; x_wconf 86' lang='grc' dir='ltr'>δοκεῖν</span> <span class='ocrx_word' id='word_1_348' title='bbox 1175 4267 1388 4349; x_wconf 73' lang='grc' dir='ltr'>ἀλαζόνευμα,</span> 
     </span>
     <span class='ocr_line' id='line_1_40' title="bbox 241 4369 1387 4452; baseline -0.003 -14"><span class='ocrx_word' id='word_1_349' title='bbox 241 4372 294 4439; x_wconf 85' lang='lat' dir='ltr'><strong>‘ivo</strong></span> <span class='ocrx_word' id='word_1_350' title='bbox 319 4373 358 4451; x_wconf 88' lang='grc' dir='ltr'><strong>δὴ</strong></span> <span class='ocrx_word' id='word_1_351' title='bbox 381 4376 477 4437; x_wconf 83' lang='grc' dir='ltr'>διπλᾶ</span> <span class='ocrx_word' id='word_1_352' title='bbox 508 4376 573 4437; x_wconf 89' lang='grc' dir='ltr'>τῶν</span> <span class='ocrx_word' id='word_1_353' title='bbox 598 4370 707 4436; x_wconf 76' lang='grc' dir='ltr'>ἄλλων</span> <span class='ocrx_word' id='word_1_354' title='bbox 730 4371 909 4452; x_wconf 86' lang='grc' dir='ltr'>ἀνθρώπων</span> <span class='ocrx_word' id='word_1_355' title='bbox 931 4373 1012 4452; x_wconf 86' lang='grc' dir='ltr'>ὁρᾶν</span> <span class='ocrx_word' id='word_1_356' title='bbox 1039 4372 1090 4436; x_wconf 89' lang='grc' dir='ltr'><strong>καὶ</strong></span> <span class='ocrx_word' id='word_1_357' title='bbox 1111 4369 1241 4436; x_wconf 87' lang='grc' dir='ltr'>ἀκούειν</span> <span class='ocrx_word' id='word_1_358' title='bbox 1265 4370 1387 4450; x_wconf 86' lang='grc' dir='ltr'>δοκοίη.</span> 
     </span>
    </p>
   </div>
   <div class='ocr_carea' id='block_1_5' title="bbox 0 0 1657 5024">
    <p class='ocr_par' dir='ltr' id='par_1_7' title="bbox 0 0 1657 5024">
     <span class='ocr_line' id='line_1_41' title="bbox 0 0 1657 5024; baseline 0 0"><span class='ocrx_word' id='word_1_359' title='bbox 0 0 1657 5024; x_wconf 95' lang='lat' dir='ltr'><strong> </strong></span> 
     </span>
    </p>
   </div>
  </div>
 </body>
</html>
