3298 5024
638 403 855 474 „la

261 588 386 668 2586),
410 593 494 657 cuius
510 599 729 674 argumentatio
750 604 780 657 et
801 599 869 656 aliis
893 603 921 657 et
943 597 1074 658 eiusdem
1092 599 1196 676 capitia
1216 581 1337 662 Xllo'co
1360 601 1401 660 ni·

258 699 340 757 titur.
387 699 449 757 lam
481 699 608 759 vidimus
634 701 721 775 Apes.
750 703 811 758 llo
845 721 909 758 cum
934 696 1078 774 Dionie§
1105 703 1162 760 123
1186 701 1289 780 aliquo
1314 704 1400 764 modo

258 793 424 859 cohaerere.
462 798 560 868 Quid?
597 801 690 860 Paulo
714 801 853 872 ahte'58
877 802 1042 878 Xenophon
1067 803 1123 860 ait:
1160 788 1223 862 Ἀεὶ
1246 801 1281 863 δὲ
1309 805 1402 865 δεισι·
1497 819 1500 826 ’

257 898 380 975 δαίμων
402 897 441 975 ἠν
462 898 598 976 νομίζων
619 899 696 977 τοὺς
720 899 777 976 μὲν
799 899 905 978 καλῶς
928 903 1052 978 Ζῶντας
1082 898 1172 963 οὔπω
1195 899 1401 982 εὐδαίμονας,

258 997 341 1076 τούς·
357 997 384 1062 δ’
402 998 540 1078 εὐκλεῶς
563 997 832 1077 τετελευτηκότας
854 997 915 1076 ἤδη
932 999 1117 1080 μακαρίους,
1141 1006 1316 1082 quibuscum
1336 1027 1401 1065 eon-

254 1103 337 1162 ieras
360 1103 492 1161 Antisth.
517 1121 562 1180 ap.
588 1103 622 1161 h:
644 1103 681 1162 D.
705 1103 748 1160 Vt
772 1106 808 1161 5:
842 1099 1021 1177 ἐρωτηθείς,
1044 1101 1073 1164 τί
1094 1097 1336 1180 μακαριώτατον
1362 1104 1403 1169 ’ἐν

258 1198 450 1278 ἀνθρώποις.
471 1199 560 1278 ’ἔφη’
593 1201 630 1263 τὸ
663 1199 859 1278 εὐτυχοῦντα
893 1199 1079 1278 ἀποθανεῖν,
1097 1207 1148 1266 ,οὐ
1183 1227 1270 1284 quem
1304 1209 1401 1268 locum

253 1305 321 1365 Ἰοδλ
343 1305 357 1362 Ι
378 1307 437 1364 360
453 1303 521 1366 not.
549 1307 561 1362 l
588 1304 773 1363 Antisthenis
795 1300 869 1379 περί
889 1304 948 1365 τού
972 1297 1149 1368 ἀποθανεῖν
1172 1316 1202 1367 et
1224 1305 1296 1384 περὶ
1318 1309 1402 1385 ἰωῆς

254 1397 311 1466 hui
333 1401 473 1468 Θανάτου
496 1415 526 1465 et
548 1407 624 1465 Plat.
647 1397 726 1464 Prot.
750 1407 843 1464 351b
866 1407 978 1466 attulit.
1023 1407 1195 1467 Duemmlar
1220 1411 1239 1468 l.
1256 1411 1276 1469 l.
1293 1431 1320 1487 p.
1341 1413 1401 1470 582

259 1505 332 1582 (not.
350 1506 382 1580 6)
404 1509 549 1585 queritur,
573 1509 650 1585 quod
675 1508 710 1566 de
735 1508 1061 1586 necessitudine,·quae
1083 1511 1162 1568 inter
1184 1509 1402 1589 Gyrupaediam

254 1609 464 1684 Xenophontis
492 1619 522 1666 et
545 1608 733 1668 Antisthenis
762 1608 858 1685 Cyrea
889 1609 1025 1684 dialogos
1057 1610 1231 1687 intercedat,
1262 1614 1403 1671 certiores

254 1712 322 1770 fieri
346 1723 601 1786 Ιιιοπροοοαιιιιιοι
624 1710 787 1779 ,Withrcnd
811 1712 867 1768 er
895 1729 953 1768 nun
977 1708 1071 1768 leider
1093 1709 1176 1769 nicht
1199 1713 1318 1788 nissen,
1346 1714 1402 1771 wie

253 1811 322 1870 'sich
350 1811 397 1870 dic
420 1811 611 1888 Kyrupaedie
644 1831 680 1870 an
707 1808 908 1870 Antisthencs‘
942 1811 1184 1888 Kyrosachriften
1220 1813 1339 1872 verhiilt
1363 1844 1400 1852 -

258 1909 454 1970 vermuthlinh
479 1913 518 1970 iet
541 1914 583 1971 sic
599 1904 762 1972 alter'oder
779 1913 962 1987 wenigste'ns
986 1932 1043 1971 von
1058 1911 1252 1971 Antisthenes
1270 1916 1403 1990 weniger
1435 1964 1439 1971 .

259 2012 400 2071 berhhrt‘.
437 2013 587 2072 Extremis
612 2013 714 2073 verbis
738 2019 819 2072 errat
841 2031 870 2072 v:
892 2012 922 2070 d.
943 2013 1064 2071 Rectius
1087 2012 1147 2072 loel
1170 2012 1184 2069 Ι
1207 2015 1268 2072 410
1293 2021 1352 2073 not.
1369 2017 1402 2074 3:

244 2103 432 2190 ,Xenophon
456 2115 529 2173 ltisst
552 2115 661 2190 gerade
683 2117 711 2172 in
734 2115 790 2172 den
813 2113 1033 2173 theoretischeo
1061 2113 1206 2189 Dialogen
1238 2114 1291 2174 der‘
1307 2115 1398 2193 (lyro-

258 2215 363 2293 paedie
397 2216 466 2274 teils
490 2215 556 2274 den*
571 2216 700 2274 Einfluse
724 2216 776 2273 dea
801 2215 974 2290 Kyoismus‚
1002 2215 1071 2273 teile
1094 2216 1159 2274 eine
1184 2217 1402 2276 Auseiuaoder-

259 2325 384 2393 setanng
408 2320 461 2375 mit
482 2316 543 2375 ihm
559 2317 789 2384 hervortreten‘,
813 2317 890 2394 quod
912 2317 989 2375 idem
1014 2318 1042 2374 io
1060 2317 1306 2378 Memorabilibus
1323 2319 1403 2376 fecit.

255 2417 355 2494 Supra
377 2439 405 2494 p.
421 2420 459 2476 36
477 2419 644 2477 liaerutium
670 2417 763 2476 secuti
786 2437 897 2491 sumus,
915 2419 964 2495 qui
982 2417 1089 2495 Oyrop.
1108 2418 1179 2476 VIII
1195 2420 1211 2476 ‘I
1226 2438 1251 2477 ιι
1266 2419 1303 2476 ex
1315 2418 1400 2476 Anti-

259 2519 362 2576 sthene
375 2511 502 2578 'fluxisse
524 2520 698 2578 coniecerat.
733 2519 904 2577 Mem-ineris
920 2519 1057 2595 denique,
1081 2538 1201 2595 quaeso,
1217 2525 1293 2596 quae
1313 2538 1402 2596 supra

258 2639 306 2696 pp.
320 2621 360 2678 33
373 2639 438 2698 sqq.
455 2619 491 2678 de
507 2619 642 2679 doctrina
659 2621 734 2697 legis
749 2621 784 2678 ad
799 2619 872 2678 Xen.
890 2618 1001 2696 Gyrup.
1019 2619 1094 2678 VIII
1115 2625 1125 2678 1
1139 2639 1164 2680 aa
1180 2620 1318 2678 diximus.
1342 2620 1401 2678 lta·

260 2739 316 2797 quc
340 2727 368 2778 et
384 2721 508 2779 Dionem
525 2728 555 2780 et
577 2720 801 2798 Xenophontem
828 2720 1005 2778 Antisthene
1029 2739 1098 2779 usos
1121 2723 1186 2780 esse
1214 2721 1358 2777 existimo.

254 2836 275 2880 fl
317 2889 318 2894 1
358 2823 405 2880 Dc
429 2821 614 2880 Antisthenis
637 2822 730 2894 Cyris.
776 2820 966 2879 Antisthenis
982 2821 1058 2898 apud
1074 2821 1236 2895 Diogenem
1250 2813 1400 2876 Laertinm

247 2922 317 2980 ¹¹duo
340 2922 498 2981 traduntur
520 2923 602 2996 libri,
625 2923 733 2998 quibus
757 2941 861 2980 nomen
886 2920 957 2998 Cyri
980 2922 1153 2997 inscriptum
1177 2925 1255 2978 orat:
1288 2916 1401 2993 Κῦρος,

255 3018 364 3095 Κῦρος
387 3019 405 3096 ἢ
428 3017 500 3094 περὶ
526 3016 701 3095 βασιλείας.
751 3020 861 3096 Cyrum
885 3021 1015 3097 aliquem
1039 3019 1228 3079 Antisthenis
1242 3019 1401 3095 dialogum

259 3120 318 3179 Cic.
337 3122 451 3180 ad'Att.
464 3120 524 3178 XII
540 3123 577 3179 18
590 3123 717 3180 maxime
734 3121 842 3180 laudat.
877 3123 1117 3180 Demonstratum
1131 3128 1195 3179 erat
1210 3123 1237 3178 io
1252 3119 1340 3197 (lyco,
1353 3115 1402 3180 ὅτι

259 3215 392 3296 ὐττόνος
409 3217 588 3294 ἀγαθόν([.
601 3223 634 3282 D.
650 3223 692 3280 VI
706 3226 728 3281 l.
743 3219 786 3298 2),
799 3223 875 3300 quod
893 3223 969 3300 apud
986 3222 1164 3280 Ilionam-or.
1177 3221 1217 3278 lll
1231 3223 1339 3297 passim
1352 3239 1399 3279 cc·
1429 3289 1431 3294 Ι

259 3325 375 3382 currit<
397 3323 482 3382 Hunc
499 3323 650 3399 dialogum
668 3324 691 3380 ei
711 3324 800 3382 Dioni
823 3330 890 3382 ante
907 3324 1007 3382 oculos
1022 3323 1114 3381 fuisse
1136 3330 1214 3380 recte
1231 3323 1402 3394 conicimus,

259 3431 384 3501 apparet
402 3426 538 3483 Instituta
556 3426 713 3483 Persarum
736 3427 771 3483 eh
789 3425 967 3484 Antisthene
992 3419 1162 3500 vituperata
1178 3425 1278 3496 fuisse,
1302 3425 1403 3500 itaque

259 3524 461 3602 Xenophonti,
477 3527 527 3602 qui
542 3526 649 3600 Cyrum
668 3546 767 3602 regem
781 3528 924 3602 optimum
941 3545 1005 3583 esse
1017 3524 1124 3598 voluit,
1140 3525 1287 3582 interdum
1300 3531 1402 3582 contra

260 3627 467 3684 Antisthenem
493 3629 646 3686 dicendum
664 3636 737 3703 erat,
761 3648 938 3705 quamquam
957 3627 1074 3703 qualem
1090 3643 1191 3700 regem
1208 3624 1315 3682 bonum
1337 3642 1401 3682 esse

259 3734 419 3803 oporteret,
441 3729 523 3786 nulla
538 3731 615 3786 inter
639 3749 688 3786 cos
712 3730 767 3787 fuit
784 3729 997 3787 controversia.
1030 3726 1282 3804 colloquebantur
1305 3732 1403 3784 auctam

260 3828 307 3885 vir
329 3829 446 3904 sapiens
470 3809 502 3886 et
522 3829 618 3905 Cyrus
636 3830 664 3887 in
690 3830 807 3904 dialogo
826 3828 1026 3896 Antisthenis,
1044 3828 1123 3903 quod¹
1139 3827 1315 3886 concludere
1334 3827 1405 3885 licet

245 3927 296 3986 'ex
313 3930 438 4005 EpIctet.
465 3931 655 3988 disslVdao
677 3927 732 4004 (M.
759 3933 900 3989 Antonin.
915 3929 970 3986 VII
995 3930 1043 3988 36.
1070 3928 1102 3986 L.
1120 3929 1154 3986 D.
1179 3928 1219 3985 VI
1243 3926 1269 3985 3.
1294 3929 1331 3986 ir,
1355 3925 1403 3983 III

259 4050 287 4106 p.
314 4032 351 4088 18
375 4027 523 4104 Winnh.):
547 4029 722 4107 βασιλικὸν,
746 4026 771 4089 ιύ
796 4028 886 4104 Κῦρε,
910 4025 1062 4103 πράττειν
1085 4026 1142 4103 μὲν
1166 4023 1211 4098 εὐ,
1245 4026 1351 4100 κακῶς
1374 4022 1401 4088 δ’

259 4125 404 4212 ἀκούειν..
430 4132 572 4190 Instituta
594 4141 690 4215 autem
710 4133 866 4190 Persarum
890 4133 918 4188 in
943 4131 1036 4188 altero
1051 4129 1127 4204 Cyro
1152 4133 1323 4206 vituperata
1339 4147 1404 4188 esee

260 4231 432 4290 Athenaeus
455 4233 477 4286 V
496 4235 579 4290 2200
602 4234 707 4292 tradit:
733 4220 937 4304 Ἀντισθένης
958 4226 984 4289 δ’
1004 4227 1039 4290 ἐν
1055 4227 1180 4308 θατέρῳ
1203 4229 1269 4289 τῶν
1293 4225 1405 4303 Κύρων

259 4331 445 4403 κακολογῶν
469 4319 666 4406 Ἀλκιβιάδην
699 4331 750 4391 καὶ
783 4327 974 4404 παράνομον
997 4326 1078 4390 εἶναι
1100 4326 1184 4400 λέγει
1208 4327 1258 4389 καὶ
1281 4325 1331 4404 εἰς
1350 4347 1403 4402 γυ-

259 4433 372 4506 ναῖκας
407 4430 457 4492 καί
480 4428 527 4507 εἰς
549 4430 607 4506 τὴν
637 4428 738 4506 ἀλλην
763 4428 896 4491 δίαιταν.
931 4430 1074 4490 συνεῖναι
1094 4426 1156 4504 γάρ
1178 4441 1280 4505 φησιν
1303 4425 1404 4488 αὐτὸν

261 4530 313 4593 καί
339 4530 432 4609 μητρὶ
453 4530 505 4594 καὶ
527 4529 659 4609 θυγατρὶ
682 4530 735 4592 καί
756 4527 893 4613 ἀδελφῇ,
916 4527 967 4606 ὡς
990 4526 1165 4607 Πέρσας.
