3298 5024
823 379 860 439 lu

264 555 356 618 selem
380 557 525 618 servitute
547 555 725 632 gravissima
748 561 886 621 allectum
910 581 974 623 esse
991 566 1139 643 quispiam
1161 540 1291 644 dixerit;
1317 575 1410 650 verba

263 650 315 718 καὶ
337 655 472 734 σμικρόν
501 660 662 736 premendo
694 670 779 722 sunt:
814 665 900 738 ‚llum
927 666 993 726 iure
1016 686 1135 730 servum
1160 671 1281 748 dixeris,
1304 676 1351 733 oui
1373 695 1409 734 ns

262 762 416 820 minimum
439 761 558 839 quidem
582 761 618 819 de
641 763 740 821 officio
764 767 949 843 praescripto
972 767 1124 830 discedere
1147 771 1255 832 liceat*

364 863 420 922 Dio
447 861 461 931 5
484 863 523 920 82
546 875 610 922 cnm
635 862 671 921 de
695 864 757 924 sole
781 867 855 923 satis
872 866 992 941 dixerit,
1014 871 1132 946 repetit,
1155 890 1208 930 cur
1222 871 1410 933 haecomnia

264 963 343 1022 dicta
368 962 435 1033 siut,
459 962 521 1022 scil.
545 971 578 1021 ut
600 963 671 1024 solis
702 966 838 1042 exemplo
873 969 1017 1044 probetur
1050 988 1151 1044 regem
1181 971 1316 1031 laborum
1350 993 1407 1032 non
1466 989 1471 1001 ¹

263 1065 380 1142 pigere;
419 1072 508 1141 atque
542 1065 682 1122 extremis
715 1059 794 1140 582
815 1069 918 1127 verbis
950 1069 1022 1129 haec
1053 1072 1196 1130 orationis
1225 1092 1295 1149 pars
1324 1073 1407 1133 finita

262 1172 316 1223 est.
360 1162 558 1241 sequentibus
583 1165 702 1224 labores
729 1185 790 1226 uon
823 1168 919 1227 solum
954 1172 1229 1236 necessaricsesse
1271 1175 1324 1238 ait,
1348 1174 1398 1232 scd

261 1267 350 1324 etiam
372 1264 525 1341 iucundos,
551 1264 758 1340 voluptatibus
777 1266 912 1326 homiues
937 1269 1163 1344 relanguescere
1187 1273 1275 1332 etad
1298 1294 1404 1334 novam

260 1374 373 1444 partem
396 1367 504 1425 transit
533 1366 634 1425 verbis
657 1363 676 1440 5
700 1368 754 1425 83:
788 1367 940 1429 κατανοεῖ
971 1366 1007 1429 δὲ
1041 1370 1107 1430 κτλ.
1155 1373 1220 1433 Hoc
1255 1376 1320 1435 loeo
1354 1395 1406 1434 cur

260 1486 403 1527 conexum
429 1468 535 1526 bonum
560 1486 616 1526 non
640 1487 704 1526 esso
725 1476 809 1545 putet
833 1469 1020 1548 Wegehaupt
1045 1492 1072 1548 p.
1097 1475 1145 1545 73,
1169 1474 1256 1550 plane
1279 1496 1326 1535 me
1348 1497 1405 1537 uon

258 1568 435 1642 intellegere
463 1566 568 1625 fateor.
613 1566 751 1626 Getarum
782 1570 829 1628 hic
861 1571 942 1630 locus
972 1573 1161 1648 tyrannidem
1192 1577 1311 1636 omuino
1346 1597 1402 1636 nen

258 1670 364 1745 tangit,
396 1687 575 1746 quamquam
608 1669 747 1744 opinatur
782 1671 974 1750 Wegelranpt
1002 1695 1031 1750 p.
1057 1677 1106 1733 79.
1158 1675 1247 1736 Immo
1282 1677 1402 1736 disertis

258 1770 360 1832 uerbis
384 1769 441 1827 Dio
461 1763 481 1844 5
505 1766 545 1827 58
568 1769 684 1826 dixerat
706 1774 911 1846 temperentia,
942 1775 1109 1850 prudentia,
1144 1777 1319 1836 fortitudine
1353 1785 1402 1854 ty·

256 1889 348 1929 ranno
371 1889 428 1929 non
452 1870 549 1928 minus
572 1888 646 1945 opus
670 1887 735 1927 esse
758 1889 846 1948 quam
869 1874 934 1947 regi
958 1873 1043 1933 bono.

356 1969 414 2030 Sed
436 1970 509 2029 haec
530 1971 635 2029 ultima
658 1972 750 2029 verbe
773 1970 840 2029 inde
864 1972 900 2030 ab
924 1973 1009 2030 initio
1025 1966 1042 2050 5
1060 1973 1116 2031 82:
1141 1969 1223 2036 ὅπου
1246 1974 1282 2037 δὲ
1306 1997 1400 2056 usque

255 2072 292 2132 ad
315 2073 402 2131 finem
426 2069 446 2147 5
471 2072 510 2130 84
540 2091 596 2131 non
624 2073 720 2130 minus
751 2090 816 2130 cum
839 2068 859 2146 5
883 2073 920 2129 74
945 2093 1032 2151 quam
1061 2093 1126 2134 cum
1149 2069 1166 2151 5
1191 2078 1226 2134 81
1259 2080 1398 2154 coniungi

255 2181 389 2251 possunt.
434 2172 540 2250 Itaque
567 2172 679 2230 dixeris
711 2174 850 2245 fortasse,
874 2194 940 2232 cum
973 2176 1141 2252 exemplum
1178 2177 1251 2236 solis
1286 2177 1398 2255 duplici

254 2277 369 2335 ratione
392 2293 564 2352 expressum
588 2275 637 2350 sit,
667 2282 696 2332 et
717 2269 751 2348 55
775 2274 822 2331 73.
850 2277 888 2333 74
912 2283 941 2333 et
967 2271 1009 2348 55
1032 2277 1071 2335 57
1103 2283 1178 2336 extr.
1204 2279 1336 2347 75-81,
1371 2286 1400 2338 et

254 2379 282 2436 in
310 2377 364 2435 ille
386 2377 557 2434 recensione
578 2381 697 2451 praeter
721 2375 813 2433 solem
847 2376 908 2433 alia
931 2381 1072 2452 quattuor
1098 2383 1225 2436 tractata
1248 2378 1394 2454 exempla,

253 2478 316 2536 scil.
337 2476 557 2552 gubernatoris,
591 2475 682 2547 ducis,
715 2475 815 2552 animi,
839 2477 907 2548 viri,
939 2476 969 2534 iu
996 2475 1051 2535 hoc
1071 2495 1159 2536 unum
1182 2483 1297 2534 tuntum
1321 2477 1397 2536 solis

253 2577 342 2654 idque
364 2576 540 2647 accuratius,
574 2594 649 2634 nuuc
681 2575 749 2634 inde
772 2595 789 2634 a
811 2570 830 2652 5
853 2577 892 2635 82
925 2577 962 2635 ad
985 2578 1149 2654 simplicem
1183 2579 1308 2637 formam
1342 2598 1395 2637 nos

252 2677 362 2740 reduci.
407 2677 471 2736 Hoc
492 2677 579 2737 modo
608 2678 633 2735 si
663 2680 729 2754 quis
753 2677 892 2754 disputet,
918 2686 1016 2736 tamen
1041 2699 1098 2736 uuo
1122 2698 1169 2737 res
1194 2680 1392 2755 suspicionem

252 2778 325 2838 mihi
347 2786 448 2838 movet
469 2785 557 2855 atque
579 2777 704 2852 impedit
726 2779 882 2853 quominus
904 2777 1064 2838 adsentiar.
1193 2767 1194 2772 ¹

350 2880 366 2949 5
390 2879 438 2938 85.
482 2879 672 2955 Relinquitur
697 2879 774 2936 enim
797 2874 814 2953 5
838 2879 887 2953 85,
911 2899 997 2957 qnam
1018 2880 1054 2939 ad
1079 2874 1097 2955 5
1121 2882 1160 2939 67
1183 2881 1332 2958 pertinere
1358 2881 1409 2956 de,

251 2982 357 3040 Arnim
381 3000 409 3057 p.
431 2981 491 3038 424
515 2987 545 3037 et
565 2978 755 3056 Wegeheupt
777 2999 804 3056 p.
829 2979 868 3039 73
890 2987 1114 3058 perspexerunt.
1160 2981 1218 3042 Sed
1248 3001 1300 3042 our
1320 2982 1394 3041 haec

250 3081 344 3142 verba
370 3100 407 3139 ex
430 3077 450 3155 5
474 3082 512 3139 67
547 3080 604 3140 hnc
625 3081 767 3139 traiectae
799 3081 868 3156 sint,
903 3081 950 3140 hic
974 3082 1123 3159 explicaro
1149 3083 1267 3142 omniuo
1290 3101 1396 3159 super-

251 3184 336 3254 sedit,
363 3183 416 3241 ille
438 3182 607 3259 explicandi
631 3181 749 3242 modum
773 3184 902 3242 instituit
925 3185 1160 3244 artificiosiorem
1186 3203 1272 3260 quem
1296 3185 1392 3240 verio-

248 3303 320 3343 rem.
366 3283 466 3342 Vcrbe
487 3283 503 3354 5
527 3285 565 3343 67
596 3279 648 3342 καὶ
681 3279 743 3357 γὰρ
766 3281 805 3356 δὴ
830 3329 836 3342 .
861 3280 1087 3358 ..αἱροῦνται
1113 3284 1293 3360 interpolata
1326 3301 1391 3341 esse
1483 3325 1485 3329 ,

248 3391 333 3462 putat
349 3384 567 3459 Wegehauptio
591 3383 785 3444 adsentiente.
823 3384 866 3442 At
887 3391 1008 3459 propter
1023 3383 1099 3442 hauc
1120 3382 1391 3460 interpolationem,

248 3485 285 3544 de
318 3503 376 3562 qua
410 3484 523 3552 dubito,
556 3491 585 3540 et
618 3484 688 3560 quia
720 3483 817 3542 locum
841 3483 1019 3559 quaerimus,
1049 3502 1107 3560 quo
1132 3481 1147 3552 5
1170 3484 1207 3540 85
1233 3484 1390 3552 inseratur,

183 3616 186 3620 ·
246 3605 315 3644 uum
332 3585 504 3651 cretionem,
527 3602 603 3661 quae
620 3585 750 3661 quinque
767 3584 913 3660 exemplis
929 3577 968 3658 55
980 3585 1104 3642 62-74
1122 3585 1233 3660 optime
1248 3582 1390 3659 procedit,

247 3687 463 3763 interrumpere
478 3697 507 3744 et
530 3686 559 3743 in
581 3685 653 3744 duas
677 3687 864 3744 recensiones
888 3685 1014 3744 disicere
1035 3680 1131 3744 licet?
1155 3683 1287 3758 Accedit,
1310 3683 1389 3760 quod

245 3785 319 3857 585
343 3805 379 3846 ne
402 3793 472 3863 apta
494 3786 612 3864 quidem
640 3793 686 3844 est
710 3786 820 3858 verbis,
852 3804 928 3862 quae
951 3786 1091 3861 leguntur
1113 3779 1131 3862 5
1154 3786 1212 3854 67;
1245 3785 1286 3844 ibi
1308 3786 1384 3844 enim

246 3887 282 3946 de
305 3905 376 3946 cura
397 3881 484 3963 (περὶ
506 3881 700 3962 ἐπιμελείας)
723 3886 840 3957 dicitur,
866 3879 885 3962 5
908 3888 947 3945 85
973 3887 1008 3946 de
1032 3887 1145 3946 labore.

345 3987 485 4048 Fortasse
508 3989 600 4064 igitur
621 3988 677 4048 hnc
701 3989 843 4048 cretionis
859 3988 1020 4047 frustulum
1047 4007 1104 4048 nou
1128 4008 1197 4048 casu
1219 3988 1276 4046 huc
1299 3989 1386 4046 aber·

244 4092 335 4158 ravit,
356 4096 390 4148 ut
406 4089 441 4148 de
456 4089 562 4148 Arnim
578 4090 725 4166 opinatur,
748 4089 808 4159 sed,
830 4109 895 4149 cnm
911 4085 928 4163 5
943 4092 982 4148 67
1005 4092 1097 4150 inseri
1113 4110 1168 4149 non
1191 4089 1296 4165 possit,
1318 4107 1386 4165 par·

244 4191 337 4250 tioula
359 4197 405 4249 est
426 4190 521 4267 partis
538 4190 663 4248 alicuius
679 4191 860 4267 deperditae,
883 4210 941 4268 qua
964 4191 1055 4250 simili
1078 4189 1164 4249 modo
1187 4198 1275 4267 atque
1297 4183 1385 4263 5562

245 4293 326 4352 -74
342 4291 574 4351 demonstratum
589 4298 653 4350 erat
666 4293 711 4364 iis,
735 4293 787 4369 qui
802 4294 984 4369 superiorem
1000 4293 1131 4371 aliquem
1143 4291 1236 4352 locum
1255 4298 1385 4363 teneant,

243 4394 371 4454 maiores
402 4412 489 4471 qnam
523 4394 630 4452 ceteris
658 4394 776 4454 labores
808 4412 875 4452 esse
908 4392 1087 4471 subeundos,
1119 4393 1215 4454 veluti
1250 4393 1317 4452 duci
1356 4399 1386 4452 et
