3298 5024
762 371 821 491 ιι,

315 565 457 635 ύλοιυίοι.
483 565 497 632 I
523 593 550 652 p.
577 573 652 632 100:
689 565 870 643 τοσούτους
893 562 955 648 δρᾷ
978 558 1104 642 φίλους,
1141 552 1287 642 ὁπόσους
1310 550 1363 626 όιν·

216 673 375 752 ὑρῶπους,
398 676 470 736 ibid.
494 674 626 733 XXXIV
647 670 665 746 ξ,
689 675 727 730 26
752 693 779 749 p.
804 673 843 730 67
860 670 899 729 II.
924 691 952 746 p.
979 670 1039 727 468
1064 665 1151 728 Ddf.:
1182 665 1306 742 βασιλεῖ
1328 664 1363 726 δὲ

216 825 283 840 ...
308 823 315 837 .
339 774 415 839 οὔτε
439 773 555 853 ἐχθρὸν
575 770 756 850 ἀνθρώπων
779 767 859 833 εἶναι
884 769 973 846 θέμις
998 765 1074 830 ούτε
1098 769 1251 844 δυσμενῆ.
1293 847 1297 854 Ι

221 957 223 960 ¹
318 881 365 938 Ad
389 874 426 954 ἓξ
453 880 617 938 104-107
641 878 679 934 of.
703 875 781 933 Xon.
806 875 892 934 Mem.
917 874 1015 931 Πότε
1040 867 1060 930 ἃ
1085 869 1121 932 δὲ
1145 867 1178 930 o‘i
1200 889 1234 930 τε
1258 871 1363 947 χεῖρες

217 961 343 1058 ἑκάστῳ
367 976 565 1054 ὑπηρετοῦσι
595 974 647 1037 καὶ
679 972 709 1036 οἱ
741 971 906 1051 ὀφθαλμοὶ
937 973 1105 1049 προορῶσι
1140 969 1191 1032 καὶ
1224 970 1265 1032 τὰ
1296 967 1364 1033 ῶτα

215 1077 436 1156 προακούουσι
452 1077 504 1140 καὶ
526 1075 556 1140 οἱ
578 1074 679 1152 πόδες
701 1075 899 1153 διανύτουσι,
924 1072 1047 1136 τούτων
1069 1072 1165 1150 φίλος
1179 1059 1364 1150 εὐεργετῶν

217 1177 353 1256 οὐδενός
375 1178 532 1243 λείπεται’
566 1177 720 1254 πολλάκις
754 1177 790 1238 δὲ
818 1175 838 1237 ἃ
865 1175 928 1253 πρὸ
952 1174 1051 1238 αὑτοῦ
1074 1194 1121 1250 τις
1146 1171 1204 1236 οὑκ
1227 1171 1364 1250 ἐξειργά-

217 1291 300 1354 σατο
322 1279 341 1356 ἢ
365 1278 424 1341 οὐκ
446 1275 530 1342 είδεν
550 1277 569 1354 ἢ
592 1275 651 1340 ούκ
666 1275 807 1353 ἤκουσεν
831 1275 850 1350 ἢ
874 1275 912 1337 οὑ
935 1274 1076 1352 διήνυσε,
1102 1277 1202 1335 ταῦτα
1225 1272 1244 1336 ὑ
1267 1273 1364 1351 φίλος

217 1379 280 1458 πρὸ
302 1383 360 1443 τοὺ
384 1378 480 1457 φίλου
504 1379 686 1456 ἐξήρκεσεν.

317 1485 375 1543 Dio
399 1479 416 1560 ἓ
445 1485 514 1542 113;
542 1477 885 1558 φιλοσυγγενέστατος
908 1478 944 1539 δὲ
966 1475 1012 1540 ῶν
1035 1475 1086 1538 καὶ
1109 1473 1365 1555 φιλοικειότατος

220 1579 288 1644 ἔσθ’
312 1580 374 1664 ύτιῃ
399 1583 506 1658 μεῖζον
527 1578 650 1656 ἀγαθόν
674 1578 820 1655 νενόμικε
835 1578 893 1655 τὴν
908 1577 1016 1656 φιλίαν
1028 1579 1085 1654 τῆς
1097 1575 1285 1654 συγγενείας
1299 1579 1366 1640 κτλ.

217 1687 349 1746 Antisth.
384 1706 432 1762 ap.
461 1686 560 1744 Laert.
590 1684 822 1760 Diog.V112:
864 1678 921 1742 τὸν
955 1677 1077 1741 δίκαιον
1108 1676 1181 1755 περὶ
1213 1676 1365 1754 πλείονος

218 1785 380 1847 ποιεῖσθαι
401 1785 458 1845 τοῦ
481 1785 670 1858 συγγενοῦς.
723 1783 866 1843 Thamiai.
888 1782 962 1842 XIV
980 1803 1009 1858 p.
1033 1782 1139 1840 182b:
1175 1777 1226 1840 καὶ
1248 1779 1365 1855 σοφῶς

220 1882 394 1962 Γρατιανός
415 1883 466 1946 καί
488 1885 614 1962 πολιάς,
638 1881 676 1945 ού
700 1880 856 1958 νεότητος
871 1878 1019 1959 ἐπαξίως,
1042 1877 1091 1941 ότι
1115 1877 1155 1955 μὴ
1178 1878 1236 1942 τὸν
1252 1875 1363 1942 οἰκειό-

197 2005 315 2056 τατον
344 1983 489 2062 άριστον,
523 1982 606 2047 ἀλλὰ
639 1983 695 2045 τὸν
719 1981 854 2059 άριστον
877 1979 1034 2056 ὑπέλαβεν
1057 1977 1264 2046 οἰκειότατον.
1309 1987 1364 2044 XV

216 2109 245 2170 p.
271 2091 507 2146 203d—204a:
543 2082 628 2165 έργῳ
651 2082 797 2160 φανερόν
819 2079 1034 2168 κατέστησας,
1058 2078 1108 2142 ὅτι
1129 2084 1174 2161 τῷ
1197 2084 1365 2158 κρατοῦντι

218 2189 282 2248 τῶν
317 2183 403 2248 ὅλων
438 2183 498 2261 οὐχ
527 2181 625 2260 ἦττον
655 2181 782 2258 ἔντιμον
807 2179 887 2244 είναι
910 2181 1065 2258 προσήκει
1098 2180 1136 2243 τὸ
1158 2177 1225 2244 κατ’
1247 2179 1365 2260 ἀρετὴν

217 2284 378 2363 ὑπερέχον
402 2286 467 2346 τῶν
491 2283 573 2346 κατὰ
593 2282 721 2358 γένεσιν
743 2281 919 2362 ἐγγυτάτω,
942 2281 995 2344 καὶ
1017 2281 1057 2358 μῂ
1080 2281 1137 2345 τὸν
1160 2279 1277 2346 οἰκεῖον
1300 2281 1364 2361 ἄρι-

218 2401 298 2450 στον
319 2382 567 2463 ὑπολαμβάνειν,
601 2381 683 2448 άλλά
716 2383 774 2447 τὸν
796 2382 930 2460 άριστον
959 2380 1165 2445 οἰκειότατον.
1208 2385 1252 2444 cf.
1274 2386 1365 2447 Prov.

218 2488 279 2547 sar.
294 2489 385 2546 1824:
409 2497 479 2572 ripn„
502 2499 565 2573 pas-p
588 2480 658 2563 :trite
684 2487 740 2575 ’σῃ
775 2489 794 2544 i.
818 2507 860 2548 e.:
885 2507 1113 2564 ‚nonnumquam
1136 2487 1172 2544 ab
1197 2488 1290 2552 amieo
1306 2507 1364 2546 ma·

111 2591 117 2606 ’
216 2591 263 2665 gis
287 2588 442 2664 diligimur
466 2607 554 2666 quarn
578 2608 595 2646 o
617 2589 733 2650 fratre.s

317 2687 376 2748 Sed
392 2689 573 2748 'l'hemistios
588 2707 642 2746 sue
658 2686 793 2763 Graecis,
815 2708 872 2746 non
895 2687 1039 2747 Πολιτεία
1057 2689 1161 2765 debet3
1186 2709 1364 2766 quemquam

217 2791 295 2850 enim
327 2796 374 2848 tar
396 2787 469 2862 (VII
492 2791 530 2847 89
543 2789 571 2847 d.
595 2789 640 2849 XI
665 2791 723 2848 147
738 2789 765 2848 b.
790 2809 813 2848 o.
835 2788 908 2846 XIX
932 2783 1028 2862 anea)
1052 2789 1196 2848 Proverb.
1221 2787 1283 2848 Sal.
1307 2791 1366 2848 211

217 2891 313 2966 affert,
345 2909 462 2967 semper
493 2890 577 2949 addit
595 2885 758 2964 Ἀσσύρια
780 2883 950 2964 γράμματα
978 2889 1028 2949 vel
1051 2884 1150 2961 λόγον
1172 2888 1230 2949 τοὺ
1243 2883 1363 2949 Ἀσσυ-

219 2986 289 3063 ρίου
313 3009 387 3049 ease.

319 3090 474 3152 Contraria
491 3093 544 3160 ais,
568 3111 643 3169 quae
659 3091 810 3169 paradoxo
822 3092 960 3152 dicuntur
975 3093 1052 3170 apud
1066 3093 1193 3153 Dionem
1209 3086 1227 3168 ξ
1246 3093 1304 3152 113
1317 3112 1364 3170 aq.

217 3193 363 3252 neminem
386 3195 422 3252 ab
446 3195 539 3252 amico
561 3194 670 3260 iniuria
692 3195 771 3254 affini
792 3214 890 3272 posse,
919 3196 1036 3254 Iuvenis
1059 3195 1137 3255 Xan.
1162 3213 1246 3267 mem.
1264 3194 1364 3255 1154.

318 3287 335 3365 ξ
353 3295 428 3353 123:
451 3294 558 3354 mirum
581 3294 610 3352 in
635 3294 758 3354 modurn.
777 3295 891 3354 aceedit
906 3293 943 3354 od
959 3293 1165 3371 Xenophontis
1182 3297 1274 3371 Ages.
1294 3299 1364 3354 Ila:

220 3387 294 3466 μετ’
318 3387 459 3464 ὀλίγων
483 3391 519 3454 δέ
544 3409 597 3468 μοι
630 3389 735 3455 ἐδόκει
764 3389 987 3477 ἀνθρώπων
1009 3388 1061 3472 (of.
1084 3414 1175 3474 supra
1197 3416 1225 3472 p.
1250 3393 1302 3468 27)
1326 3391 1364 3456 ori

218 3488 387 3568 καρτερίαν
409 3490 467 3568 τὴν
489 3488 615 3570 ἀρετήν,
639 3489 709 3555 ἀλλ’
734 3489 907 3555 εὐπάθειαν
930 3491 1080 3572 νομίζειν,
1102 3497 1154 3554 ubi
1172 3497 1364 3578 *Antisthenis

218 3594 348 3669 vestigia
367 3596 501 3671 repperit
526 3595 708 3672 DoemmIer,
734 3595 845 3654 Philol.
861 3594 932 3655 LIV
950 3595 1021 3672 583,
1043 3602 1133 3673 atque
1155 3596 1198 3654 ita
1219 3603 1252 3655 ut
1267 3595 1364 3654 Xeno·

218 3691 298 3769 phon
331 3694 396 3752 sive
417 3692 612 3753 Antisthenes
635 3693 740 3754 Dionis
770 3695 871 3754 verbis
906 3697 991 3772 quasi
1027 3697 1203 3774 corrigatur,
1235 3696 1312 3774 qood
1346 3716 1364 3755 a

219 3790 316 3851 Stoico
340 3792 467 3870 quodem
491 3795 637 3872 scriptore
653 3796 762 3854 foetum
781 3815 846 3854 ease
861 3797 927 3856 veri
941 3796 1087 3857 dissimile
1102 3816 1160 3856 non
1177 3804 1232 3856 est.
1263 3797 1364 3858 Verba

218 3911 292 3951 varo
314 3894 410 3970 prima
431 3887 449 3969 ἓ
473 3893 533 3952 124
555 3890 657 3954 ταύτὰ
681 3893 716 3956 δὲ
739 3894 862 3970 ἡγεῖται
885 3893 1096 3972 συμφέροντα
1118 3893 1170 3957 καὶ
1191 3894 1271 3972 ἡδέα
1286 3899 1363 3956 inter

218 3990 387 4052 Stoicorum
406 3994 558 4069 paradoxa
580 3997 708 4057 inveniri
731 3998 798 4074 quia
821 4005 866 4056 ast
889 3999 960 4076 quin
983 3993 1082 4058 seint?

317 4094 364 4153 De
383 4096 561 4169 reipublicae
580 4099 741 4170 qeneribua.
774 4098 878 4158 Pauca
893 4101 983 4158 etiam
999 4101 1121 4160 dicando
1137 4109 1204 4159 sont
1218 4099 1254 4158 de
1270 4099 1362 4159 variis

218 4192 400 4269 reipuinoaa
422 4198 594 4272 generibus,
618 4217 694 4275 quae
717 4207 928 4260 enumerantur
949 4201 1025 4278 apud
1043 4201 1169 4260 Dionem
1189 4195 1227 4276 ἐξ
1242 4199 1282 4257 42
1295 4218 1361 4276 sqq.

218 4291 300 4350 Haeo
316 4293 351 4352 ad
369 4295 553 4373 Protagorae
567 4293 835 4375 Καταβάλλοντας
851 4302 949 4360 redire
966 4301 1035 4360 Ero.
1050 4301 1170 4360 Maesa
1186 4301 1216 4358 in
1232 4300 1361 4359 Hermae

219 4393 277 4455 vol.
294 4393 380 4453 ΧΧΠ
396 4416 444 4474 pp.
461 4397 518 4456 581
534 4417 600 4475 sqq.
621 4419 678 4458 non
695 4401 769 4458 satia
782 4399 855 4458 mihi
867 4401 987 4462 videtur
1002 4403 1152 4479 probasse.
1175 4399 1232 4460 sed
1249 4405 1362 4460 utnum-
