3298 5024
790 395 827 475 n

236 591 271 668 ἓν
286 587 402 685 είρίινῃ,
425 583 465 662 ἂν
480 586 658 680 ᾔδυνατόν,
678 594 790 675 ἀχρεῖα
803 593 854 658 καὶ
871 589 982 674 βαρέα.
1018 585 1060 656 Δί
1082 583 1200 657 minime
1223 581 1381 675 pertinent.

235 708 331 786 Supra
353 708 442 781 entm,
467 712 497 762 ut
520 704 657 773 diximus,
682 702 825 780 probatur
848 701 958 776 omnin,
982 719 1058 777 quae
1080 709 1132 758 eut
1154 699 1242 758 utilia
1264 705 1316 758 nut
1338 699 1383 757 iu·

236 811 331 870 cunda
354 810 423 876 sint,
447 807 578 865 amicitia
601 805 717 864 demum
740 804 828 862 utilia
851 803 901 863 vel
917 801 1045 861 iucunda
1068 802 1142 869 fieri,
1167 803 1231 860 sine
1253 801 1384 860 amicitie

236 930 331 989 neque
355 910 441 969 utiIia
463 927 559 985 neque
585 905 714 964 iucunda
739 924 813 963 esse.
860 899 878 978 5
905 905 964 963 100
987 904 1077 981 plane
1100 903 1220 962 diversa
1239 909 1285 960 est
1307 903 1383 960 ratio

237 1011 361 1070 dicendi.
399 1011 456 1069 Hie
480 1011 557 1068 enim
571 1009 831 1066 demonstraturus
855 1013 900 1063 est
923 1004 1084 1063 amicitiam
1108 1021 1255 1079 semper
1278 1002 1382 1061 utilem

236 1133 312 1173 esse.
358 1111 460 1189 Neque
490 1110 568 1167 enim
595 1107 687 1166 verbo
710 1100 869 1180 ὠφέλιμα,
897 1104 949 1162 sed
977 1104 1069 1163 verbo
1093 1096 1143 1162 ἀεὶ
1165 1103 1383 1178 argumentatio

236 1213 354 1280 nititnr;
386 1206 535 1284 ὠφέλιμα
568 1209 655 1266 etiem
679 1207 782 1266 deesse
804 1212 923 1283 poterat
944 1224 1040 1284 neque
1064 1204 1157 1263 ullius
1181 1204 1217 1262 ad
1240 1222 1383 1262 summam

237 1313 415 1373 senteutiam
437 1311 581 1370 momenti
615 1315 669 1368 eet.
714 1307 771 1368 Sed
806 1328 864 1368 uon
888 1307 985 1380 video,
1020 1326 1073 1365 eur
1094 1305 1169 1364 banc
1191 1324 1294 1365 vocem
1318 1324 1382 1364 cum

238 1413 376 1470 Arnimio
401 1412 429 1468 in
453 1410 650 1487 suspicionem
673 1429 821 1469 vocemus.
859 1403 1013 1482 φάρμακα
1035 1403 1052 1479 5
1075 1407 1131 1464 100
1155 1404 1232 1464 nihil
1260 1411 1306 1464 eet
1327 1407 1383 1465 nisi

239 1513 343 1580 simile,
375 1531 500 1589 quocum
523 1512 653 1570 amicitie
675 1515 875 1587 comparatur.
919 1503 952 1582 55
975 1508 1014 1566 94
1039 1526 1104 1584 sqq.
1128 1513 1227 1566 autem
1261 1526 1320 1566 non
1352 1508 1383 1566 id

237 1615 347 1690 agitur,
370 1620 466 1672 utres
488 1612 673 1679 adferantur,
696 1610 873 1686 quibuscum
896 1609 1057 1668 amicitiam
1078 1628 1250 1686 comparare
1274 1611 1383 1687 possis,

238 1714 289 1773 sed
314 1721 347 1772 ut
369 1715 432 1772 siue
449 1712 582 1770 amiditia
596 1710 671 1769 nihil
696 1710 770 1768 utile
793 1729 858 1768 esse
874 1710 1104 1769 demonstretur.
1141 1708 1312 1770 Similitudo
1328 1712 1383 1786 igi·

239 1821 288 1872 tur
305 1813 410 1873 horum
428 1813 558 1871 Iocorum
572 1826 628 1870 non
647 1812 820 1886 sententiae,
843 1811 894 1870 sed
910 1812 1068 1870 verborum
1085 1817 1139 1887 est,
1160 1811 1279 1888 qualem
1295 1812 1384 1870 inter·

240 1912 343 1971 cedere
364 1913 442 1971 inter
464 1907 506 1986 55
531 1913 547 1968 3
572 1918 601 1970 et
623 1913 661 1970 25
685 1931 775 1988 snpra
798 1931 826 1986 p.
852 1913 869 1967 8
893 1910 1023 1970 vidimus
1046 1919 1075 1968 et
1107 1911 1186 1969 infra
1216 1910 1384 1970 videbimus

238 2015 316 2072 inter
337 2013 372 2084 55
396 2015 436 2072 87
462 2020 492 2072 et
518 2014 680 2072 104-107
705 2011 745 2089 (p.
764 2007 825 2085 17),
850 2012 909 2069 100
932 2018 962 2069 et
987 2012 1046 2069 109
1069 2007 1111 2088 (p.
1127 2011 1189 2084 18).
1221 2011 1384 2070 PartIcuIis

238 2110 291 2175 καλ
315 2111 375 2188 μὴν
396 2134 475 2174 nove
498 2133 546 2171 res
567 2113 727 2184 inducitur,
750 2113 785 2170 ef.
808 2131 899 2188 supra
921 2131 950 2187 p.
974 2113 1001 2172 6.

338 2212 394 2270 Sed
419 2213 445 2270 si
468 2229 597 2270 conexus
621 2205 658 2286 ἐξ
681 2211 719 2268 99
743 2217 772 2268 et
798 2211 855 2267 100
888 2210 1007 2286 integer
1040 2231 1104 2270 esse
1125 2213 1297 2280 videbatur,
1323 2214 1384 2272 alia

240 2320 285 2372 est
313 2312 578 2383 oondIci05101.
623 2309 777 2369 Sententia
811 2318 953 2387 quattuor
980 2312 1120 2369 membris
1156 2313 1229 2371 eatis
1265 2314 1385 2390 copiosa

239 2392 346 2489 5100:
369 2409 388 2487 ἣ
411 2407 631 2488 συμφυλάττει
654 2408 711 2485 μὲν
726 2409 881 2486 πλοῦτον,
896 2409 1037 2485 ’ἐπαρκεῖ
1058 2408 1094 2471 δὲ
1117 2408 1218 2492 πενίᾳ,
1242 2409 1382 2489 λαμπρύ-

240 2531 287 2575 νει
300 2513 358 2589 μὲν
374 2510 482 2581 δόξαν,
505 2508 643 2586 ἀμαυροῖ
665 2510 701 2572 δὲ
718 2507 859 2585 ἀδοξίαν,
880 2512 917 2570 ad
933 2511 1168 2573 concludendam
1189 2522 1302 2591 partem
1320 2535 1384 2575 ora·

240 2616 330 2675 ttouis
348 2614 503 2692 aptissima
519 2619 571 2671 cst.
607 2611 808 2689 Sequentibus
826 2631 899 2672 vero
914 2612 992 2672 idem
1008 2632 1111 2672 rursus
1127 2615 1244 2688 dicitur,
1269 2617 1384 2675 etiamsi

240 2717 330 2775 latius
355 2721 478 2792 pateant
507 2732 597 2774 voees
620 2707 727 2784 ἀγαθὰ
750 2721 780 2772 et
801 2712 943 2788 δυσχερῆ
967 2731 1056 2791 quem
1086 2709 1165 2774 δόξα
1198 2722 1228 2774 et
1260 2710 1382 2778 ἀδοξία.

241 2815 298 2876 Sed
314 2818 339 2876 si
355 2836 371 2875 a
387 2817 500 2875 minore
519 2815 555 2874 ad
571 2817 675 2887 maius,
699 2835 717 2874 e
733 2816 831 2892 specie
853 2815 889 2874 nd
912 2834 1007 2891 genus
1019 2814 1076 2874 Dio
1092 2835 1286 2892 processurus
1309 2827 1382 2891 erat,

240 2919 283 2976 sic
304 2918 367 2976 tere
387 2925 454 2995 post
477 2911 563 2980 αὔξει
586 2917 682 2975 oratio
707 2917 904 2976 continuanda
927 2924 1005 2976 erat:
1037 2912 1225 2978 παντάπασι
1250 2915 1313 2994 γὰρ
1335 2920 1385 2980 vel

239 3017 404 3090 πανταχοῦ
428 3014 489 3090 γὰρ
513 3015 563 3088 (cf.
589 3018 605 3086 ,ἓν
628 3016 681 3089 62)
703 3011 722 3089 ἡ
745 3013 836 3092 φιλία
867 3014 907 3077 τὰ
930 3014 987 3086 μὲν
1009 3011 1149 3093 δυσχερῆ
1173 3013 1280 3078 πάντα
1303 3018 1386 3093 μειοῖ

241 3115 306 3177 κτλ.
351 3115 409 3176 Sed
442 3117 589 3194 quomodo
623 3119 653 3175 in
675 3124 760 3175 textu
793 3117 902 3178 tradito
933 3118 1028 3178 verbe
1061 3115 1247 3194 iunguntur?
1291 3118 1385 3187 Quasi

240 3218 328 3295 pIane
350 3237 429 3278 nova
447 3237 518 3295 pers
534 3218 669 3295 iucipiet:
692 3212 793 3291 μόνον
816 3214 851 3278 δὲ
866 3217 964 3280 τοῦτο
986 3218 1052 3279 κτλ.
1090 3219 1243 3286 ‚Amicitia
1257 3221 1384 3308 gloriam

241 3326 341 3394 auget,
363 3319 470 3378 minuit
485 3316 656 3378 infamiam‘.
693 3319 813 3395 Pergit:
836 3317 923 3390 ,Sola
945 3325 1043 3378 autem
1059 3320 1253 3380 amicitia..‘!
1276 3321 1386 3381 Verbis

241 3414 342 3493 μόνος
362 3414 409 3491 δέ,
443 3414 522 3498 μόνῃ
547 3415 592 3492 δέ,
628 3420 776 3478 similibus
800 3419 877 3497 apud
902 3419 1029 3479 Diouem
1062 3439 1141 3480 nova
1175 3440 1245 3498 pers
1267 3423 1387 3500 saepius

240 3519 454 3586 introduciturz
470 3520 507 3578 cf.
524 3514 542 3595 5
560 3523 615 3579 94:
640 3516 720 3601 μόνῃ
746 3519 781 3582 δὲ
804 3521 843 3599 τῇ
866 3516 957 3600 φιλίᾳ
980 3519 1046 3581 κτλ.
1087 3521 1103 3591 5
1128 3523 1203 3582 123:
1227 3519 1328 3597 μόνος
1350 3520 1386 3584 δὲ

240 3617 306 3679 κτλ.
350 3618 696 3696 (Cf.Xen.Ages.1114
719 3621 844 3681 Aristid.
868 3641 910 3682 or.
934 3621 1050 3681 XXVII
1075 3621 1143 3682 Keil
1169 3644 1203 3672 =
1222 3622 1299 3684 XVI
1322 3623 1385 3684 ord.

241 3715 768 3799 pr.§32.v01.11p.132,51{1
796 3723 863 3778 =1
885 3743 914 3800 p.
939 3725 1008 3798 244,
1038 3722 1058 3782 J
1077 3724 1146 3782 =1
1168 3745 1197 3802 p.
1215 3725 1274 3784 395
1300 3723 1384 3786 Ddf.:

241 3815 334 3895 μόνοι
355 3819 391 3882 δὲ
413 3816 543 3883 πάντων
566 3815 656 3882 οὗτοι
679 3867 686 3882 .
710 3818 762 3894 .)1.

339 4012 349 4048 ¹
368 3993 483 4085 Saepius
506 4012 590 4066 etiam
609 4014 762 4068 sententiae
782 4013 873 4068 forme
895 4014 1025 4069 adiectivi
1046 4016 1132 4082 μόνος
1151 4033 1326 4085 quecumque
1345 4016 1386 4070 in·

241 4099 348 4168 etpiunt
366 4099 395 4154 in
414 4099 468 4154 hoc
487 4100 646 4154 litterarum
667 4119 780 4171 genere:
1328 4109 1330 4113 '

339 4188 478 4258 [Aristid]
508 4189 551 4253 Εἰς
579 4191 691 4256 βασιλέα
720 4207 760 4244 οι.
789 4189 827 4244 IX
858 4190 902 4243 KI.
923 4212 956 4236 =
975 4190 1079 4246 XXXV
1107 4192 1167 4247 ord.
1192 4207 1234 4263 pr.
1257 4191 1334 4262 513.
1358 4192 1385 4245 II

242 4291 268 4341 p.
288 4274 348 4337 256,
366 4277 383 4329 4
402 4277 516 4330 KI.=I
536 4296 563 4348 p.
583 4278 729 4332 59J.=1
749 4298 776 4349 p.
791 4277 933 4332 102Ddt.:
952 4280 1031 4350 μόνῳ
1051 4281 1105 4348 γὰρ
1124 4282 1158 4346 δὴ
1180 4284 1224 4336 καί
1243 4285 1384 4336 τοῦτο...

340 4363 473 4420 Themist.
493 4365 505 4418 I
525 4385 551 4436 p.
572 4367 624 4421 Sa:
645 4368 730 4434 μόνος
748 4369 802 4435 γὰρ
821 4369 901 4422 οἶδεν
920 4368 1041 4436 ἀκριβῶς
1062 4409 1068 4422 .
1089 4410 1095 4423 .
1117 4410 1123 4422 .

390 4483 422 4493 -
491 4454 514 4508 V
533 4474 561 4524 p.
580 4457 651 4511 6'Ib:
675 4458 761 4523 μόνος
778 4457 842 4524 γάρ,
861 4458 902 4522 ὼς
921 4458 1021 4526 ἔοικεν,
1039 4459 1092 4512 οὐκ
1111 4458 1223 4523 ἀγνοεῖς
1243 4498 1249 4512 .
1270 4498 1277 4513 .
1297 4498 1303 4512 .
