3298 5024
806 407 844 469 41

251 595 399 658 Aristides
429 605 481 658 aut
504 619 540 658 ex
563 598 658 658 Dione
684 603 734 656 sut
756 616 793 656 ex
815 596 896 654 fonte
919 595 983 654 eius
1006 615 1059 654 sue
1082 593 1244 671 sumpsisse
1268 589 1393 652 videtur.

251 699 306 758 His
328 701 423 776 igitur
444 701 518 762 loeis
540 699 617 758 nihil
638 700 818 776 proficimus.

350 802 395 862 De
418 803 525 861 Dionis
547 820 589 861 or.
611 802 674 860 ΙΙΙ
691 804 718 859 et
742 799 942 872 Xenophontis
958 799 1154 873 cyrenaeum.
1199 798 1324 856 Tantum
1347 795 1392 855 vi·

250 900 347 961 dimus
369 903 541 980 seriptorem
565 903 695 980 aliquem
724 900 959 979 sXenophonte
989 901 1123 965 refutari,
1157 901 1207 976 qni
1232 898 1392 958 Persarum

249 1021 345 1060 moros
376 1003 576 1080 vituperavit3
603 1001 733 1060 'eundem
763 1002 899 1079 sequitur
921 1001 990 1061 Dio.
1034 999 1091 1060 Sed
1120 1001 1210 1077 paulo
1232 1000 1310 1058 infre
1333 997 1393 1056 Dio

248 1102 283 1173 ἐξ
299 1103 356 1161 135
371 1123 438 1181 sqq.
460 1099 529 1163 όδὲ
545 1097 668 1178 ἀγαθὸς
687 1098 840 1178 βασιλεὺς
858 1149 864 1163 .
883 1143 913 1160 ..
937 1098 1110 1162 κάλλιστον
1128 1095 1287 1175 ..εὕρεμα
1308 1094 1391 1173 ἡγεῖ-

247 1219 300 1262 ται
321 1199 537 1278 κυνηγεσίαν.
562 1252 569 1266 .
593 1202 655 1267 ,ού
677 1203 785 1281 μέντοι
814 1205 873 1282 τήν
900 1223 936 1279 γε
955 1201 1118 1282 Περσικὴν
1140 1201 1251 1280 θήραν.
1276 1199 1392 1264 ἐκεῖνοι

249 1303 306 1379 μὲν
327 1303 390 1379 γὰρ
410 1302 621 1383 παραδείσοις
637 1303 876 1384 περιλαβόντες,
900 1303 999 1368 ὁπότε
1015 1303 1255 1380 ἐπιθυμήσειαν,
1278 1299 1391 1376 ῶσπερ

249 1402 285 1466 ἐν
307 1401 412 1485 εἱρκτῇ
434 1402 475 1467 τὰ
495 1405 588 1484 θηρία
610 1404 763 1482 ἔκτεινον,
798 1405 843 1482 ῶς
871 1405 947 1484 μήτε
969 1406 1141 1482 ζητοῦντες
1167 1404 1280 1467 πονεῖν
1314 1400 1392 1478 μήτε

247 1501 288 1567 αύ
319 1505 569 1584 κινδυνεύοντες,
603 1505 660 1570 ἅτε
691 1507 816 1583 Ιἀσθενῆ
851 1506 902 1570 καί
935 1506 1161 1584 δεδουλωμένα
1194 1507 1258 1568 κτλ.
1310 1505 1391 1568 Audi

247 1607 384 1686 Xenoph.
408 1610 520 1687 Gyrup.
544 1609 619 1668 VIII
643 1612 704 1669 Ine:
727 1606 827 1686 ἐθήρα
850 1607 889 1670 τὰ
913 1607 950 1671 ἐν
972 1609 1038 1686 τοῖς
1060 1604 1273 1686 παραδείσοις
1295 1601 1390 1681 θηρία

246 1704 440 1783 τρεφόμενα.
486 1709 601 1769 Ibidem
625 1732 675 1771 πν.
701 1711 779 1772 VIII
802 1716 863 1773 λιιι
898 1711 998 1793 διῄρει
1020 1710 1057 1775 δὲ
1079 1707 1160 1773 αἰδῶ
1183 1708 1234 1774 καὶ
1257 1719 1388 1783 σωφρο-

246 1803 349 1883 σύνην
376 1809 453 1887 τῇδε
484 1809 548 1872 κτλ
606 1812 668 1872 Ιοόί
692 1813 708 1872 Ι
728 1815 788 1874 489
823 1818 893 1874 ιι.2
926 1813 1104 1891 Cynicorum
1137 1813 1291 1872 simillime
1324 1827 1390 1868 esse

247 1908 470 1970 demonstravit.
517 1912 574 1972 Dio
596 1933 669 1975 vero
694 1915 762 1973 eliis
785 1935 903 1991 quoque
928 1914 1071 1973 orationis
1094 1921 1213 1972 nostrae
1232 1910 1305 1970 loeis
1321 1927 1389 1968 oum

245 2007 433 2088 Cyrupeedie
455 2014 644 2089 meximeque
668 2014 738 2071 libri
762 2013 843 2072 VIII
867 2033 930 2090 esp.
954 2016 971 2071 2
995 2015 1156 2072 consentit:

343 2113 432 2183 [θος
452 2117 524 2172 108:
549 2112 601 2173 καὶ
621 2110 732 2174 τοίνυν
755 2110 815 2190 οὐχ
837 2109 935 2188 ἧττον
958 2111 990 2174 αἱ
1011 2114 1076 2176 τῶν
1098 2109 1204 2190 φίλων
1221 2106 1387 2174 εὐπάθειαι

244 2207 301 2270 τὸν
327 2205 450 2283 ἀγαθὸν
483 2210 666 2289 πεφύκασιν
701 2210 885 2291 εὐφραίνειν
915 2216 974 2292 τῆς
997 2212 1098 2277 αύτοιῖ
1120 2232 1208 2290 τινος
1229 2211 1386 2289 τέρψεως.

245 2309 351 2390 Cyrup.
372 2313 447 2373 VIII
463 2317 515 2375 tu:
538 2312 657 2398 καὶτῷ
680 2314 904 2393 συνηδόμενος
927 2316 985 2391 μέν
1008 2313 1058 2377 ἐπὶ
1079 2317 1148 2392 τοῖς
1170 2312 1305 2390 ἀγαθοῖς
1328 2330 1387 2390 φα-

243 2409 338 2489 νερὸς
362 2408 451 2475 εῖναι.
472 2447 513 2456 -
537 2417 623 2477 Mem.
647 2418 677 2476 II
693 2421 761 2479 θοις
789 2414 839 2479 ἐπὶ
859 2419 929 2495 τοῖς
952 2414 1086 2494 ἀγαθοῖς
1107 2417 1172 2479 τῶν
1194 2414 1298 2493 φίλων
1319 2413 1386 2492 χαί-

244 2527 310 2586 ρεις
335 2509 433 2575 οὐδὲν
455 2510 553 2590 ἧττον
574 2513 592 2590 ἢ
617 2513 669 2577 ἐπὶ
690 2518 759 2593 τοῖς
785 2521 920 2580 σαυτοῦ.
975 2521 1080 2580 Iulian.
1104 2521 1132 2578 lI
1154 2541 1181 2598 p.
1205 2520 1284 2579 ltu:
1321 2515 1387 2595 χαί-

243 2628 310 2688 ρεις
333 2611 390 2688 μὲν
413 2611 466 2675 ἐπὶ
487 2614 557 2690 τοῖς
579 2617 644 2678 τῶν
667 2612 773 2679 ἀλλων
795 2613 940 2695 ἀγαθοῖς.

345 2713 398 2774 Ilio
422 2711 441 2793 ξ
464 2719 537 2777 132:
567 2713 600 2778 αἱ
622 2716 710 2794 παρὰ
732 2715 820 2794 τίνος
843 2717 879 2781 δὲ
898 2718 983 2796 τιμαί
1006 2717 1244 2797 φανερώτεραι;
1276 2721 1386 2800 Gyrup.

243 2814 320 2875 VIII
337 2817 393 2875 2⁸:
415 2813 504 2894 τίνος
527 2816 564 2880 δὲ
580 2819 670 2896 δῶρα
691 2818 901 2894 γιγνώσκεται
916 2818 1027 2898 ώσπερ
1042 2818 1112 2884 ἔνια
1128 2821 1193 2882 τῶν
1209 2819 1386 2898 βασιλέως;

342 2917 398 2976 Ino
421 2913 439 2995 ὅ
465 2924 538 2981 112:
573 2922 695 2995 μᾶλλον
723 2921 779 2997 μὲν
800 2919 863 2984 ύπό
891 2923 956 2984 τῶν
976 2921 1145 2999 νεωτέρων
1168 2918 1385 2999 ἀγαπώμενος

241 3009 259 3086 ἢ
283 3010 314 3074 οἱ
333 3017 449 3092 γονεῖς,
478 3018 599 3093 μᾶλλον
629 3018 701 3081 δὲ
687 3020 750 3082 υπὸ
778 3023 842 3084 τῶν
865 3023 1092 3102 πρεσβυτέρων
1114 3023 1132 3100 ἢ
1156 3022 1234 3100 τούς
1265 3024 1384 3101 παῖδας

241 3109 391 3187 ἀγαπῶσι
413 3119 479 3179 κτλ
524 3119 634 3198 θριπρ
655 3121 730 3182 VIII
747 3125 802 3182 29.
826 3120 983 3200 αἱρεῖσθαι
1006 3123 1105 3188 αὐτόν
1127 3124 1179 3186 καὶ
1201 3121 1268 3187 ἀντ
1293 3121 1383 3188 ἀδελ-

239 3215 314 3292 φῶν
335 3215 387 3278 καί
409 3215 480 3281 ἀντὶ
501 3218 651 3296 πατέρων
674 3219 762 3282 καί
746 3221 817 3284 αντὶ
840 3221 971 3285 παίδων.

340 3319 397 3379 Dio
420 3318 437 3394 ᾗ
464 3323 537 3380 112:
567 3320 689 3394 μᾶλλον
721 3320 798 3386 δὲ’
784 3323 846 3385 υπὸ
871 3326 937 3388 τῶν
959 3322 1040 3406 ἀκοῇ
1063 3325 1163 3403 μόνον
1195 3324 1384 3391 ἀκουόντων

240 3412 328 3492 (scil.
340 3411 568 3498 ἀγαπώμενος)
590 3420 609 3498 ἢ
632 3421 663 3484 οἱ
685 3422 818 3503 σφόδρα
840 3424 936 3503 ἐγγύς
957 3425 1088 3504 όντες’
1073 3430 1234 3502 αγαπῶσι.
1240 3429 1383 3522 Cyrup.

239 3518 250 3574 I
279 3520 333 3578 lo:
358 3517 450 3600 Κύρῳ
473 3523 552 3595 γοῦν
575 3520 668 3600 ἴσμεν
690 3523 910 3604 ἐθελήσαντας
933 3526 1100 3592 πείθεσθαι
1121 3528 1198 3606 τούς
1226 3528 1283 3603 μὲν
1308 3525 1383 3592 ἀπέ-

238 3634 357 3693 χοντας
378 3619 610 3695 παμπόλλων(
599 3626 728 3699 ημερῶν
750 3623 840 3703 ὁδόν,
870 3628 948 3704 τοὺς
973 3630 1009 3692 δὲ
1032 3630 1083 3692 καὶ
1105 3632 1222 3707 μηνῶν,
1246 3627 1323 3707 τοὺς
1348 3629 1383 3691 δέ

238 3713 305 3778 οὐδ’
330 3716 515 3798 ἑωρακότας
542 3723 667 3786 πώποτ’
692 3724 800 3806 αὐτόν,
835 3728 913 3806 τούς
947 3730 983 3792 δὲ
1013 3730 1065 3791 καὶ
1099 3729 1134 3793 εύ
1158 3727 1295 3805 εἰδότας,
1334 3726 1383 3791 ότι

237 3813 307 3878 οὐδ’
330 3815 370 3880 ἂν
395 3816 502 3885 ίδοιεν.

337 3922 381 3981 De
396 3927 630 4005 propinquorum
647 3949 746 3991 amore
769 3934 856 3991 simili
881 3935 978 4002 modo,
1004 3956 1062 4013 quo
1088 3933 1262 4014 Di0§119,
1287 3938 1380 4012 Cyrus

235 4021 314 4082 filios
338 4023 476 4085 admouet
498 4027 608 4107 Gyrup.
626 4029 700 4090 VIII
724 4035 787 4103 Vre,
813 4036 849 4093 cf.
865 4035 938 4094 Sall.
951 4037 1013 4113 lug.
1029 4041 1081 4098 10:
1106 4042 1172 4118 quis
1193 4047 1292 4098 nutem
1308 4041 1380 4098 emi-

236 4124 298 4183 oior
319 4145 407 4203 quem
432 4129 524 4187 irater
547 4131 655 4189 Iret-ri?
699 4132 875 4209 (Hertlein).
922 4139 1007 4197 Adde
1030 4139 1076 4198 his
1100 4141 1278 4217 Xenelges.
1296 4145 1379 4201 111³.

237 4224 315 4285 llier.
340 4232 416 4288 1114
440 4229 547 4304 (verba
571 4234 648 4292 iufra
669 4255 696 4312 p.
718 4239 758 4296 43
781 4237 950 4316 adscripsi).

333 4329 379 4388 De
400 4330 590 4404 Xenophonte
608 4333 795 4396 Antisthenis
815 4343 965 4400 sectatore.
1003 4342 1048 4400 De
1064 4343 1273 4422 Xenophontis
1292 4347 1373 4426 Age·

234 4427 308 4486 sileo
331 4426 441 4505 Cynico
463 4432 686 4495 Duemmlerum
715 4438 893 4501 disseruisse
920 4441 1050 4504 vidimus
1079 4443 1202 4518 (Philol.
1225 4445 1293 4508 LIV
1315 4449 1375 4509 57?

1622 4209 1624 4250 l

1622 4253 1624 4300 l

1616 4311 1623 4452 l
