3298 5024
806 375 843 435 14

253 556 324 645 Qua
342 556 378 618 ds
401 579 491 620 eausa
512 581 690 641 quamquam
715 566 939 644 interpolatoris
963 567 1026 628 sive
1050 568 1209 629 imitatoris
1232 566 1305 629 haee
1339 589 1396 630 non

252 677 318 716 essa
352 659 388 718 de
411 661 517 720 Arnim
549 683 602 740 pro
637 671 718 724 serto
745 667 864 725 minime
886 667 1037 744 probavit,
1069 674 1166 727 tamen
1200 689 1255 746 ogo
1278 690 1395 749 quoque

252 759 357 818 Dionis
379 779 443 818 esse
467 769 550 838 puto,
573 766 614 824 ita
636 773 669 824 nt
691 762 711 840 5
735 769 773 825 91
799 769 877 826 euris
901 768 1115 845 posterioribus
1138 767 1353 830 adseribatur1.

301 897 304 905 ι
351 860 459 921 Verbis
487 858 521 936 55
545 866 593 923 92.
618 867 656 923 93
680 869 827 944 exemplis
850 869 1048 943 illustrantur,
1083 887 1158 946 quae
1181 870 1196 940 5
1221 873 1261 930 90
1283 873 1332 932 vel
1355 875 1392 932 91

251 960 352 1020 eodem
376 962 439 1021 iere
462 964 549 1024 modo
580 965 659 1026 diota
682 976 760 1028 snut.
803 967 974 1046 Quaeritur,
1003 970 1063 1028 utri
1089 970 1200 1028 formae
1223 971 1393 1032 adiciendae

250 1062 310 1120 sint
333 1061 389 1120 hae
423 1063 498 1122 duae
521 1067 711 1144 paragraphi.
748 1069 779 1127 Is
802 1078 910 1144 autem,
935 1071 985 1147 qui
1003 1066 1019 1144 5
1036 1072 1076 1129 90
1098 1071 1217 1147 soripsit
1239 1070 1305 1131 τῶν
1328 1069 1394 1146 μὲν

250 1155 357 1222 ἄλλων
380 1159 557 1241 κτημάτων,
593 1169 742 1244 putandus
777 1176 823 1228 ert
845 1191 914 1230 mox
949 1171 986 1229 ad
1009 1171 1038 1230 id
1063 1171 1215 1236 festinare,
1251 1191 1309 1249 quo
1336 1170 1393 1246 μὲν

249 1262 324 1320 illud
347 1265 503 1338 referatur,
527 1267 546 1324 i.
570 1285 594 1326 e.
617 1268 652 1326 ad
670 1264 687 1342 5
703 1269 742 1328 94
766 1265 846 1348 μόνῃ
869 1267 905 1330 δὲ
929 1271 967 1347 τῇ
990 1266 1091 1350 φιλίᾳ.
1127 1267 1143 1344 5
1164 1273 1204 1330 90
1227 1273 1319 1348 igitur
1341 1292 1392 1331 ex·

250 1365 359 1441 cipitur
379 1366 486 1425 verbis
510 1367 526 1438 5
550 1369 600 1436 94,
621 1365 655 1444 §5
677 1371 800 1431 91-93
824 1372 949 1431 alterius
971 1373 1084 1431 formae
1108 1379 1184 1430 sunt.

348 1466 421 1525 Tum
445 1471 614 1544 exponitur,
637 1491 728 1548 quare
749 1474 881 1533 amicitia
906 1474 1066 1532 utilissima
1102 1475 1140 1532 eit
1163 1473 1324 1550 eademque
1349 1475 1392 1532 iu·

249 1566 447 1626 eundissima:
481 1569 621 1644 ‚Primum
647 1575 724 1632 enim
748 1570 860 1650 (εὐθὺς
884 1598 921 1624 --
947 1569 1058 1634 odrina
1091 1570 1125 1648 55
1153 1576 1180 1632 3.
1197 1575 1254 1634 63.
1278 1575 1327 1652 99,
1354 1577 1392 1634 ef.

249 1686 338 1742 snpra
359 1687 387 1744 p.
411 1669 453 1741 6.)
480 1673 645 1730 necessaria
671 1673 724 1731 illa
747 1675 810 1733 sine
839 1677 971 1735 amicitia
995 1676 1082 1734 utilia
1104 1694 1161 1733 non
1193 1671 1286 1748 suna*
1303 1676 1391 1734 immo

248 1769 336 1827 etiam
357 1771 535 1846 perieulooa.
568 1773 684 1832 Deinde
707 1771 771 1848 (καὶ
796 1771 856 1849 μὴν
871 1775 887 1844 5
904 1773 966 1847 96),
990 1795 1066 1852 qnae
1089 1771 1217 1834 ineunda
1242 1776 1389 1846 diduntur,

246 1888 284 1927 ne
305 1889 339 1930 ea
363 1871 482 1947 quidem
504 1873 567 1931 sine
590 1875 721 1934 amioitia
742 1876 871 1934 ineunda
894 1873 981 1934 sunt‘.
1015 1887 1024 1958 Ἰ

346 1966 379 2046 §5
401 1973 554 2033 97-101.
595 1975 611 2044 5
636 1978 694 2034 100
718 1976 753 2035 de
770 1979 874 2035 Arnim
897 1978 1060 2036 orationem
1083 1977 1119 2035 ad
1142 1977 1228 2036 utilia
1250 1977 1322 2036 dieit
1343 1997 1388 2035 ra·

248 2072 319 2147 labi,
341 2072 442 2149 itaque
465 2094 608 2132 conexum
632 2077 782 2135 turbatum
807 2095 871 2135 esse
894 2084 995 2156 putat3
1029 2078 1215 2155 Wegahaupt
1237 2078 1322 2136 illum
1346 2096 1388 2136 sa·

245 2179 331 2230 entus
354 2174 532 2232 reeensionis
556 2176 703 2236 brevioris
726 2174 758 2252 §5
782 2179 831 2236 90.
857 2180 925 2238 100.
952 2181 1008 2238 101
1036 2199 1101 2239 esse
1132 2180 1214 2252 dicit,
1243 2178 1389 2252 longioris
1461 2173 1465 2181 ’

246 2269 287 2348 55
315 2275 447 2335 91-99.
492 2276 628 2355 Utraque
662 2279 841 2336 recensione·
869 2280 990 2336 eandem
1024 2281 1199 2335 sententiam
1234 2278 1387 2350 probatam

92 2431 94 2436 ,
205 2453 209 2458 ι
246 2394 309 2434 esse
334 2377 408 2436 vult.
446 2376 524 2436 Sana
552 2380 577 2436 si
600 2379 666 2455 quis
688 2380 785 2436 minus
807 2387 944 2437 aeourate
968 2377 1116 2452 inspiciat,
1138 2375 1239 2432 eredat
1260 2374 1387 2430 fortasse

246 2469 361 2551 5100:
396 2473 448 2535 καὶ
470 2473 531 2551 μὴν
563 2472 604 2537 τά
635 2495 671 2549 γε
703 2472 860 2553 ὠφέλιμα
878 2472 1032 2553 φάρμακα
1059 2473 1128 2549 τοῖς
1152 2470 1209 2547 μὲν
1232 2469 1388 2532 νοσοῦσιν

245 2572 403 2652 ὠφέλιμα,
435 2576 504 2653 τοῖς
534 2574 771 2651 δὲ.ὑγιαίνουσι
793 2573 934 2655 περιττά,
968 2579 1118 2656 pertinere
1143 2576 1188 2634 *ad
1210 2575 1226 2646 5
1249 2577 1305 2634 95:
1336 2567 1387 2631 καὶ

243 2677 345 2737 ταῦτα
368 2676 425 2752 μὲν
448 2675 484 2740 ἐν
505 2677 637 2761 πολέμῳ
662 2677 763 2755 μόνον
779 2677 927 2755 χρήσιμα,
952 2678 1020 2754 τοῖς
1043 2676 1079 2739 δὲ
1102 2672 1151 2765 ἀεὶ
1174 2669 1387 2752 βιωσομένοις

340 2869 351 2908 ¹
370 2869 484 2938 Saepius
504 2869 578 2937 apud
598 2869 712 2922 Dionem
731 2869 781 2922 tali
799 2869 882 2926 modo
902 2886 945 2922 ras
964 2871 1157 2923 retractantur
1172 2865 1310 2919 similibus
1323 2879 1384 2917 ver·

242 2957 299 3026 bis3
319 2957 394 3011 aliud
413 2958 577 3026 exemplum,
597 2957 671 3025 quod
690 2957 832 3012 iuvenitur
851 2973 891 3012 or.
912 2956 950 3010 XI
963 2958 995 3025 55
1009 2956 1117 3010 99-94
1136 2955 1170 3009 de
1191 2954 1291 3034 Arnim
1312 2956 1387 3007 reete

242 3045 383 3114 cognovit,
402 3062 457 3099 non
475 3047 605 3114 cognovit
627 3046 742 3118 eandem
762 3045 951 3101 eondioionem
971 3063 1011 3100 or.
1031 3043 1136 3098 XXXII
1154 3043 1170 3112 5
1189 3043 1224 3096 33
1244 3061 1294 3114 sq„
1323 3041 1387 3095 Em·

242 3133 335 3201 penius
354 3134 439 3187 verba
460 3133 550 3187 καίτοι
568 3134 640 3201 τάχα
663 3165 693 3175 -
712 3135 888 3201 ἡσυχάσασιν
912 3134 1101 3194 damnaverat,
1121 3131 1155 3186 de
1168 3131 1266 3185 Arnim
1290 3130 1386 3185 eadem

242 3219 257 3290 5
270 3221 305 3274 96
317 3240 343 3291 p.
357 3222 432 3276 9764
451 3221 516 3276 edit.
536 3239 601 3276 suae
614 3223 794 3291 transposuit.
824 3222 894 3275 Mihi
907 3223 1000 3292 potius
1019 3221 1123 3289 duplex
1136 3218 1259 3273 recensio
1277 3218 1387 3271 videtur

242 3314 351 3364 exstare
370 3311 410 3364 sio
428 3311 584 3364 seribenda=

512 3399 521 3449 1
1099 3393 1125 3446 ll
1249 3437 1250 3440 ,

263 3486 339 3556 '533
352 3503 380 3555 p.
394 3487 470 3541 9769
484 3489 565 3539 Arm:
584 3485 611 3539 τί
630 3485 695 3552 οὖν;
714 3485 786 3551 τάχα
874 3503 900 3554 p.
920 3483 1008 3540 97611
1038 3483 1129 3538 καίτοι
1146 3485 1219 3551 τάχα
1237 3483 1323 3550 φήσει
1344 3499 1386 3546 τις

242 3577 298 3643 ἐρεῖ
319 3591 368 3644 τις,
397 3579 484 3628 τοῦτο
513 3574 600 3639 μόνον
629 3573 787 3640 ἁμαρτάνο-
839 3574 991 3626 ...2761r
1011 3573 1132 3627 ἀκούειν.
1152 3572 1288 3627 Secuntur
1300 3571 1385 3624 inter·

241 3680 293 3730 μεν
310 3666 356 3717 καί
374 3665 438 3730 περὶ
454 3663 559 3716 τούτου
585 3663 672 3728 μόνου
698 3662 788 3727 λέγεις
838 3662 945 3729 palata:
974 3660 1061 3730 [ὥστε
1086 3661 1110 3716 εἰ
1130 3702 1136 3714 .
1156 3703 1162 3714 .
1184 3701 1190 3714 .
1209 3661 1299 3714 976οο
1317 3661 1385 3726 ήσυ·
1444 3699 1446 3704 ,

241 3752 316 3818 ἡμῖν,
346 3751 413 3804 ἄλλο
441 3750 464 3802 δ’
492 3749 591 3818 οὐθέν;
619 3750 704 3804 άλλά
732 3750 788 3804 δέ·
839 3751 979 3817 χάσασιν].
1017 3749 1096 3816 534.
1122 3752 1167 3803 καλ
1193 3750 1249 3816 μὴν
1272 3748 1336 3816 περί
1353 3764 1386 3813 γε

242 3840 350 3906 δοικα,
368 3839 412 3904 μή
433 3837 558 3906 (δέδοικα
571 3838 627 3903 άμα
642 3837 734 3906 οοάά.)
753 3839 787 3892 τά
838 3843 897 3893 τῶν
916 3839 1008 3892 άλλων
1027 3838 1061 3890 τὸ
1082 3839 1132 3903 μὲν
1151 3838 1244 3892 πάντα

241 3929 304 3995 nep!
322 3927 439 3980 πάντων
528 3931 530 3938 ’

667 4013 961 4059 κ-Ὓ--κ
1009 4019 1011 4022 ·

490 4133 492 4136 .
604 4081 693 4136 97611
707 4104 740 4128 =
754 4081 806 4136 976
816 4096 842 4136 m
862 4083 1020 4138 ἐπεξελθεῖν

531 4171 619 4224 97621
639 4173 684 4224 καΙ
702 4176 792 4225 ταῦτα
812 4172 842 4224 ἐν
861 4171 952 4241 ἡμερᾳ
972 4177 1019 4241 μιᾷ
1038 4174 1096 4225 κτλ.

241 4258 333 4316 Verba
352 4257 424 4312 enim
445 4258 545 4313 dione.
566 4298 571 4311 .
593 4299 599 4312 .
618 4259 795 4324 ἡσυχάσασιν
807 4257 955 4326 (illim-uo)
977 4263 1072 4312 nostro
1092 4258 1151 4310 looo
1170 4273 1232 4310 eum
1252 4256 1384 4326 Emperio

241 4351 269 4401 et
288 4345 432 4400 Dindorfio
458 4346 629 4415 interpolata
648 4363 706 4400 esse
730 4352 808 4416 puto,
837 4348 947 4415 gemina
966 4348 982 4414 5
1001 4349 1036 4402 30
1055 4364 1081 4416 p.
1101 4346 1153 4400 975
1166 4359 1239 4412 reus,
1259 4345 1288 4399 id
1312 4345 1384 4414 quod

240 4453 314 4490 nuno
332 4435 452 4506 probare
471 4436 585 4506 longum
604 4441 653 4488 ast.
