3298 5024
821 393 840 450 4

261 577 338 636 idem
361 575 438 654 apud
452 575 680 653 Xenophontem
696 575 797 646 habes,
821 576 856 634 de
881 595 938 653 quo
953 578 1017 652 egit
1034 577 1178 635 Ernestus
1198 552 1357 635 Ilichter
1379 576 1408 634 in

263 678 451 736 Fleckeiscni
475 678 572 736 annal.
596 677 693 755 suppl.
717 677 797 745 xlx,
824 679 913 744 1892,
936 698 965 755 p.
984 679 1041 736 122
1066 700 1092 738 n.
1114 683 1128 737 1
1153 680 1332 737 —initium
1359 689 1408 737 aut

263 781 351 838 finem
374 779 471 838 videri
494 778 598 837 deesse
615 785 667 838 aut
681 781 712 838 111
728 779 835 838 mediis
852 781 1035 838 orationibus
1052 780 1173 839 lacunas
1190 781 1282 839 hiare.
1319 778 1409 838 Cuius
1450 789 1453 796 ’

262 883 304 940 rei
329 898 424 960 neque
443 882 633 941 librariorum
649 882 841 958 neglegentia
863 901 959 959 neque
982 883 1123 959 iniquitas
1140 889 1302 959 temporum
1321 901 1411 940 causa

262 990 316 1055 est,
342 983 393 1042 sed
410 983 487 1060 quod
504 1003 560 1043 non
577 985 724 1060 perfectae
740 984 889 1042 orationes
911 985 996 1042 nobis
1011 983 1138 1043 traditae
1162 991 1238 1053 sunt,
1256 982 1308 1041 sed
1325 982 1409 1041 sche-

263 1084 349 1143 dulae
365 1090 480 1142 tantum
495 1084 533 1142 ab
546 1090 665 1143 oratore
677 1086 742 1160 ipso
756 1091 808 1143 aut
820 1085 856 1144 ab
871 1085 1059 1143 audientibus
1072 1085 1256 1162 conscriptae
1268 1090 1319 1142 aut
1332 1085 1409 1143 cius·

263 1171 328 1242 dem
342 1185 484 1244 orationis
496 1186 615 1263 saepius
629 1185 830 1262 compluribus
842 1187 871 1244 in
885 1187 1035 1245 urbibusa
1046 1187 1142 1246 Dione
1152 1185 1270 1243 habitae
1281 1185 1409 1261 duplicis

262 1287 312 1346 vel
336 1287 464 1364 triplicis
477 1288 655 1346 recensionis
671 1287 816 1364 reliquiae
831 1287 867 1346 ad
883 1295 1014 1347 nostram
1033 1293 1160 1346 aetatem
1177 1293 1314 1346 servatae
1329 1293 1407 1344 sunt.

255 1386 336 1447 'Cum
353 1389 429 1446 enim
446 1388 552 1446 Arnim
576 1388 717 1447 orationis
741 1387 885 1447 Troianae
909 1389 1057 1464 duplicem
1081 1390 1283 1447 recensionem
1303 1381 1354 1461 (ἐξ
1370 1387 1408 1444 22

264 1485 359 1560 -24)
382 1490 483 1548 iamin
500 1488 630 1548 editione
655 1509 708 1548 sua
723 1488 892 1561 indicasset,
915 1490 944 1548 iu
962 1489 1094 1549 oratione
1117 1489 1206 1548 tertia
1225 1489 1301 1546 idem
1327 1490 1410 1546 inve·

255 1591 322 1650 'niri
344 1590 543 1649 intellexisset
559 1609 736 1667 quamquam
758 1610 824 1649 sero
847 1611 863 1648 a
880 1591 1114 1650 Wilamowitzio
1131 1591 1270 1664 monitus,
1287 1591 1315 1647 iu
1332 1588 1409 1646 libro

264 1713 286 1752 s.
300 1693 319 1752 l.
332 1713 382 1770 pp.
398 1685 457 1750 170
470 1711 535 1769 sqq.
548 1693 606 1750 195
618 1711 683 1768 sqq.
698 1700 839 1766 quantum
852 1711 908 1748 non
925 1693 1011 1751 modo
1025 1693 1061 1751 ad
1074 1687 1188 1751 textum
1199 1690 1301 1749 Dionis
1314 1709 1409 1747 ernen-

266 1792 404 1867 dandum,
429 1793 480 1850 sed
505 1791 654 1850 etiamad
678 1792 922 1850 consuetudinem
945 1799 1033 1869 atque
1048 1793 1191 1850 rationem
1209 1793 1408 1868 sophistarum

265 1901 294 1950 et
316 1891 562 1970 philosophorum
577 1893 660 1951 illius
677 1894 821 1969 temporis
837 1892 893 1951 hoc
911 1893 1078 1966 interesset,
1103 1892 1339 1950 luculentissime
1360 1912 1409 1950 cx-

266 1994 376 2070 posuit.
422 1993 519 2070 Atque
543 2012 597 2069 ego
621 1992 740 2069 quidem
764 2013 827 2051 cum
860 1993 995 2069 exemplo
1023 1993 1166 2053 orationis
1188 1991 1332 2050 Troianae
1357 1992 1408 2049 ad·

264 2092 370 2150 ductus
392 2093 450 2151 iam
474 2102 560 2152 antea
584 2093 654 2151 mihi
678 2094 894 2170 persuasissem
916 2095 1022 2153 tertiae
1048 2094 1191 2153 orationis
1207 2093 1328 2152 candem
1344 2111 1409 2150 esse

265 2193 464 2254 condicionem
488 2201 517 2254 et
539 2195 569 2253 in
584 2194 660 2253 hanc
674 2213 737 2253 rem
753 2197 919 2254 accuratius
936 2196 1086 2273 inquirere
1103 2197 1275 2271 coepissem,
1302 2201 1408 2271 postea

264 2295 379 2372 ridict
408 2295 546 2356 loannem
571 2296 800 2376 Wegebaupt
823 2316 948 2356 excursu
976 2297 1194 2356 dissertationis
1218 2314 1297 2366 suae,
1321 2315 1408 2369 quam

264 2397 384 2473 scripsit
417 2397 453 2454 de
487 2397 583 2457 Dione
615 2396 825 2471 Chrysostomo
860 2397 1069 2475 Xenophontis
1102 2389 1257 2468 sectatore,
1294 2389 1409 2454 Gothus

268 2499 356 2573 1896,
388 2518 438 2574 pp.
464 2498 585 2556 70-80
611 2505 640 2557 et
662 2498 760 2575 ipsum
791 2501 965 2576 Arnimium,
1001 2500 1052 2576 qui
1078 2507 1175 2556 tamen
1199 2495 1408 2574 Wegehauptii

182 2619 184 2622 ·
266 2599 443 2658 mentionem
478 2620 534 2658 uon
570 2601 651 2675 facit,
685 2601 755 2659 libri
780 2602 825 2660 sui
847 2622 897 2679 pp.
923 2602 1088 2660 414-430
1122 2601 1199 2658 idern
1239 2605 1408 2676 temptasse.

267 2699 325 2760 Sed
349 2719 414 2759 curn
437 2701 474 2759 ab
498 2712 625 2778 utroque
647 2702 713 2760 viro
737 2702 906 2760 doctorem
928 2701 1057 2759 nondum
1080 2701 1245 2759 absolutam
1270 2719 1334 2758 esse
1357 2719 1410 2776 pu·

264 2807 369 2869 tarem,
397 2821 516 2879 operam
540 2809 630 2879 atque
651 2803 749 2862 oleum
783 2802 860 2860 haud
898 2803 987 2879 plane
1020 2801 1186 2879 perdidisse
1220 2800 1292 2859 mihi
1326 2801 1410 2860 visus

266 2892 390 2977 sumai
415 2905 502 2962 ctiam
525 2923 590 2963 mea
615 2905 788 2982 proferrem.

368 3006 414 3064 De
429 3006 553 3065 historia
568 3005 741 3065 litterarum.
789 3004 845 3064 Sed
869 3014 1026 3082 antequam
1050 3005 1086 3062 ad
1108 3007 1226 3062 tertiam
1248 3004 1409 3063 orationem

257 3106 447 3174 accedamus,
473 3106 508 3164 de
531 3106 625 3165 altera
650 3125 735 3182 quam
761 3105 935 3183 supradixi
960 3105 1126 3164 studiorum
1151 3105 1334 3164 Dioneorum
1362 3105 1411 3161 vi'a

266 3207 369 3285 paucis
392 3206 548 3266 dicendum
575 3207 703 3282 videtur,
726 3209 809 3266 cuius
830 3215 980 3270 auctorem
996 3212 1086 3283 atque
1102 3206 1265 3282 principem
1279 3221 1408 3281 praema-

266 3316 333 3367 tura
356 3317 450 3367 morte
466 3308 554 3367 nobis
572 3316 703 3384 ereptum
721 3328 786 3366 esse
801 3308 936 3366 dolemus
952 3305 1170 3365 Ferdinandnm
1195 3303 1410 3363 Duemmler.

268 3407 326 3475 uui
355 3402 893 3482 01111ιί11111]Α111111111111011(1882)
918 3407 1041 3464 Dionem
1062 3425 1098 3465 cx
1119 3405 1296 3464 Antisthene
1318 3403 1412 3462 multa

266 3508 404 3566 hausisse
432 3509 559 3585 probare
583 3514 640 3572 sibi
662 3531 749 3589 posse
770 3510 932 3580 videretur,
956 3509 984 3566 in
1008 3506 1110 3565 cadem
1130 3526 1162 3565 re
1177 3509 1206 3565 iu
1224 3505 1412 3566 Academicis

271 3611 333 3668 suis
349 3603 459 3684 (1889)
475 3611 607 3690 alibique
628 3613 789 3692 probanda,
811 3607 1027 3688 amplificanda,
1046 3608 1229 3668 defendenda
1244 3613 1346 3666 contra
1361 3606 1410 3664 ad·

267 3710 418 3768 versarios
435 3711 544 3770 multos
572 3698 624 3773 nec
648 3713 884 3782 contemnendos,
907 3731 1030 3788 quorum
1053 3713 1081 3770 in
1106 3715 1227 3768 numero
1241 3707 1411 3769 nominandi

239 3844 241 3847 -
268 3818 336 3868 sunt
350 3810 542 3890 Wegehaupt
556 3815 576 3872 l.
594 3835 629 3884 c.,
653 3814 777 3875 Carolus
792 3813 906 3890 Halm,
925 3813 980 3884 ,De
995 3813 1100 3871 Dionis
1117 3810 1323 3888 Chrysostomi
1346 3829 1411 3868 ora·
1435 3887 1441 3901 .

267 3911 409 3982 tionibus,
434 3932 509 3989 quae
527 3915 727 3976 inscribuntur
746 3915 915 3992 Diogenes‘,
937 3915 1007 3973 diss.
1030 3915 1128 3989 inaug.
1146 3913 1311 3986 Hcmburgi
1331 3912 1410 3969 1896

268 4029 321 4070 11110
344 4031 401 4098 nou
426 4012 549 4074 Hirzel
573 4017 602 4074 111
626 4018 703 4077 libro
731 4018 781 4094 qui
805 4016 991 4074 inscribitur:
1024 4015 1096 4085 ,Der
1121 4013 1247 4088 Dialog‘,
1270 4031 1409 4088 perseve·
1497 4076 1503 4085 ,

268 4113 357 4171 ravit.
410 4113 449 4172 Hi
484 4118 560 4175 enim
598 4117 721 4178 Dionem
764 4119 860 4176 minus
896 4115 1037 4192 Cynicum
1077 4133 1142 4172 csse
1184 4120 1289 4190 putant
1323 4131 1410 4188 quam

270 4212 451 4274 Duemmler.
488 4217 709 4278 Duemmlcrum
733 4226 874 4278 secuntur
888 4217 999 4275 Paulus
1018 4217 1150 4291 Hagen,
1166 4214 1271 4272 Philol.
1289 4213 1322 4281 L,
1343 4233 1411 4272 nov.

87 4361 88 4366 ,
152 4393 153 4398 ¹
268 4331 325 4372 ser.
349 4314 394 4375 IV
417 4315 526 4390 (1891)
547 4339 598 4396 pp.
625 4320 799 4388 381-384,
831 4319 882 4395 qui
915 4323 1000 4376 antea
1023 4314 1231 4390 (Quaestiones
1267 4314 1406 4384 Dioneae,

270 4415 340 4476 diss.
368 4416 467 4491 inaug.
491 4416 590 4476 Kiliae
616 4418 705 4490 1887,
729 4439 758 4495 p.
771 4419 810 4476 82
834 4423 1069 4478 seut.·controv.·
1084 4436 1126 4474 nr.
1154 4415 1184 4490 1)
1208 4415 1408 4479 dubitaverat,
